2844 4375
983 658 1278 726 IOANms
1325 661 1613 726 lovum
1662 661 1992 728 Portum

652 801 1187 870 DIALOGUS
1262 803 1396 869 DE
1474 797 2323 872 INGRATITUDINE

811 944 976 1027 QUI
1035 973 1065 1002 ι
1099 942 1447 1010 ASINUS
1484 974 1513 1002 ι
1573 947 2163 1014 INSCRIBITUR

1379 1139 1591 1150 ..—

916 1524 1416 1590 Inter-locutores
1500 1526 1747 1606 Viator,
1806 1523 2046 1610 GaupO.

1455 1740 1509 1805 I.

561 1926 634 1992 V.
661 1963 747 1972 —-
779 1925 1042 1992 Pacem
1091 1926 1359 1992 Romae
1399 1927 1669 1992 factam
1703 1945 1857 1992 esse
1891 1929 2116 2009 aiunt,
2148 1927 2507 2010 eiusque...

459 2027 754 2092 Poetam
803 2026 1044 2090 nescio
1093 2043 1304 2108 quem
1354 2026 1727 2091 authorem
1775 2026 2117 2092 referunt.
2158 2026 2308 2110 Ego
2356 2029 2506 2110 qui-

458 2125 620 2190 dem
669 2123 932 2187 Poetae
977 2123 1146 2189 huic
1204 2125 1320 2189 vel
1377 2125 1884 2208 grandiusculo
1949 2125 2504 2207 propinaverim.

455 2222 770 2305 Amabo!
819 2222 1225 2287 Meritoriae
1273 2223 1481 2288 huius
1528 2224 1737 2305 ecqui
1785 2242 1861 2287 se
1904 2241 2155 2306 caupo,
2190 2224 2397 2305 ecqui
2428 2242 2505 2289 se

459 2321 785 2385 minister
831 2320 1134 2386 offerat?

553 2512 622 2581 0.
674 2553 758 2561 ——
821 2516 1170 2597 Equidem
1239 2532 1495 2597 pacem
1567 2516 1756 2581 hanc
1832 2516 2271 2583 siticulosam
2351 2535 2505 2582 esse

455 2613 817 2697 Augustus
863 2615 1014 2696 ipse
1072 2613 1352 2677 abunde
1415 2615 1642 2679 docet.
1694 2614 1913 2697 Euge,
1963 2616 2503 2697 pulverulente!

456 2712 731 2776 laetare
779 2712 912 2776 hoc
961 2713 1229 2792 nuntio,
1265 2717 1335 2775 et
1379 2712 1673 2777 offulam
1720 2712 1910 2777 hanc
1961 2730 2236 2795 pepono
2270 2730 2310 2777 e
2345 2730 2505 2777 sua-

455 2810 748 2875 vissimo
779 2811 1052 2892 accipe,
1078 2809 1564 2893 cyathumque
1596 2810 1785 2875 hunc
1810 2812 1930 2876 vel
1962 2812 2174 2875 tertio
2208 2812 2506 2875 ductan-

455 2910 627 2973 dum
675 2908 945 2973 ebibe...

515 3045 518 3048 -
558 3004 630 3071 V.
666 3006 1070 3071 ——‘Ebibo...
1121 3004 1254 3085 Da,
1303 3023 1588 3089 quaeso,
1637 3011 1709 3071 et
1757 3006 2129 3074 alterum...
2196 3026 2199 3031 ·

552 3100 622 3169 0.
659 3141 744 3149 —
777 3104 930 3168 Pax
977 3104 1196 3187 igitur
1242 3104 1439 3169 facta
1486 3104 1646 3169 est?

559 3200 630 3267 V.
668 3238 752 3247 -—
787 3202 931 3267 Pa..
980 3220 1138 3285 pa...
1187 3220 1354 3285 pax.

553 3294 620 3364 0.
671 3336 756 3345 -—
813 3299 1124 3363 Amabo!
1195 3299 1559 3381 resipisce,
1624 3304 1841 3382 atque
1912 3300 2079 3364 inde
2149 3301 2505 3383 loquere...

453 3398 588 3463 Vel
635 3399 1010 3482 pulverem
1065 3398 1373 3481 quidem,
1422 3398 1812 3463 bellissime
1877 3399 2327 3481 homuncule,
2376 3398 2506 3463 tibi

454 3496 745 3579 palliolo
815 3496 1248 3562 excutiam...
1320 3496 1571 3577 Hauri,
1634 3514 1835 3581 puer,
1906 3502 1978 3562 et
2046 3496 2503 3561 secundum...

452 3599 527 3659 et
574 3594 887 3675 tertium,
923 3599 994 3659 et
1026 3594 1313 3677 quidem
1344 3592 2001 3659 recentissimum...
2022 3594 2269 3659 Paxne
2309 3594 2506 3659 facta

453 3695 563 3757 est
579 3690 676 3757 P...
725 3691 783 3759 Ο
845 3692 1028 3756 bone
1093 3692 1457 3774 Laurenti,
1512 3692 1662 3757 dies
1722 3693 1841 3757 hic
1904 3690 2033 3757 tibi
2095 3709 2303 3757 sacer
2362 3695 2505 3756 est:

412 3826 414 3829 >
453 3807 675 3854 nuces
722 3807 766 3854 a
812 3807 948 3855 me⁴
973 3790 1356 3872 quotannis
1402 3795 1784 3873 expectato
1832 3790 2504 3873 quamplurimasl...
