2844 4375
429 235 513 300 ’18
1283 246 1619 298 PON'rANO

427 383 499 442 et
530 377 863 441 meridies
886 376 1583 458 hermaphroditinas
1608 375 2081 457 comparabis,
2108 380 2180 439 et
2210 380 2479 440 noctes.

516 475 704 539 Pont.
745 509 824 520 ·-—
855 474 1152 555 Amabo,
1185 474 1355 555 quid
1387 473 1590 537 nobis
1628 490 1793 537 cum
1828 472 2483 557 Hermaphrodito‘?

524 569 667 638 Cas.
719 609 804 618 —-
851 571 1052 652 Quod
1121 572 1248 637 illa
1317 572 1421 636 sic
1492 577 1729 636 tecum
1802 571 2141 654 amplexa
2208 572 2480 636 innexa

425 671 777 754 implicita
838 671 1216 735 accumbet
1277 670 1784 752 incumbetque
1838 669 1913 733 in
1977 671 2184 749 lecto,
2231 671 2479 752 itaque

325 771 332 778 '
424 771 876 834 inhaerescet
937 770 1495 850 hederescetque
1543 775 1781 832 tecum
1822 786 1987 848 una,
2018 768 2481 850 hermaphro-

425 869 650 934 ditum
713 869 924 932 simul
975 873 1052 932 ut
1097 868 1352 950 agatis,
1403 867 1553 948 Ego
1600 871 1752 930 tum
1800 867 2002 931 vobis
2064 867 2475 949 inspergam

426 972 498 1030 et
533 983 765 1030 rosam
799 971 872 1030 et
905 971 1238 1047 myrtum,
1282 971 1353 1028 et
1400 982 1577 1047 quos
1608 964 1736 1028 illa
1767 982 1807 1028 e
1839 964 2047 1028 citrio
2081 964 2481 1047 deliquavit

423 1082 642 1129 rores.
691 1064 959 1129 Verum
1009 1068 1496 1146 approperant
1558 1063 1703 1127 iam
1751 1063 2182 1145 philosophi;
2216 1081 2347 1146 ego
2382 1063 2511 1128 ad*

426 1180 546 1226 eos
594 1178 999 1243 praecurro.

516 1269 542 1338 (
561 1259 916 1322 Facendosi
987 1258 1126 1322 loro
1195 1258 1495 1322 incontro
1508 1263 1536 1333 )
1612 1258 2027 1342 Exspectati
2099 1259 2477 1340 advenitis,

424 1359 564 1423 viri
623 1358 822 1422 boni!
888 1363 960 1422 et
1005 1357 1218 1421 herus
1263 1358 1351 1422 de
1400 1357 1719 1422 adventu
1781 1357 2068 1439 quidem
2131 1357 2481 1422 sollicitus

425 1461 584 1521 erat
630 1461 890 1532 vestre,
924 1457 1111 1538 quod
1159 1455 1406 1520 diebus
1452 1455 1941 1537 compluribus
1984 1456 2076 1520 ad
2124 1474 2287 1519 eum
2336 1473 2479 1519 non

424 1555 868 1619 venissetis...
916 1553 1205 1619 Scilicet
1264 1554 1657 1618 domestica
1719 1571 1846 1618 vos
1908 1554 2198 1636 negotia
2257 1555 2482 1636 impe·

422 1655 774 1719 dierunt...
810 1653 972 1736 Ipse
1021 1670 1193 1717 vero
1241 1653 1329 1717 de
1378 1653 1792 1717 brassiculis
1840 1653 2089 1718 diebus
2135 1653 2242 1717 his
2290 1653 2483 1717 solli-

424 1751 608 1816 citus
671 1751 803 1815 fuit
865 1752 1266 1830 admodum,
1330 1751 1517 1834 quod
1579 1751 1889 1814 eruculis
1950 1750 2480 1815 averuncandis

424 1867 566 1912 non
629 1849 1178 1927 medicamenta,
1228 1866 1370 1912 non
1417 1847 1894 1913 Catonianum
1944 1849 2118 1913 illud
2181 1866 2477 1913 carmen

424 1949 806 2028 quicquam
835 1946 1210 2028 profuerit:
1243 1947 1487 2010 omnia
1519 1947 1914 2012 exederunt
1943 1947 2191 2011 holera
2222 1946 2481 2011 bestio-

422 2045 538 2109 lae
585 2051 732 2108 tam
782 2045 1270 2126 importunae!

511 2141 670 2208 Par.
702 2179 793 2191 —
825 2143 1055 2208 Senex
1119 2160 1289 2226 ergo
1357 2147 1598 2208 noster
1643 2143 1864 2208 etiam
1912 2144 1987 2207 in
2047 2143 2272 2209 hortis
2333 2161 2477 2209 non

422 2250 628 2306 caret
675 2240 1052 2306 molestia?
1982 2248 2275 2281 *ur-“ff“

521 2336 664 2405 Cas.
702 2376 782 2387 —
817 2340 1028 2405 Adite
1060 2342 1150 2404 ad
1189 2341 1422 2421 illum3
1457 2340 1853 2405 liberabitis
1885 2359 2047 2405 eum
2082 2341 2229 2405 alia
2259 2342 2479 2405 etiam

422 2438 772 2502 molestia.
808 2437 1014 2502 Diem
1054 2439 1245 2502 hunc
1293 2456 1478 2519 pene
1525 2438 1974 2503 dimidiatum
2024 2439 2370 2519 transegit
2401 2438 2475 2502 in

422 2536 812 2601 volutando
882 2538 1104 2617 coelo,
1167 2537 1354 2618 quod
1424 2538 1499 2600 in
1564 2537 1891 2600 manibus
1952 2537 2187 2601 adhuc
2257 2537 2477 2601 etiam

424 2640 687 2697 versat.
721 2633 872 2715 Oui,
907 2652 1069 2698 mea
1116 2635 1402 2716 quidem
1452 2635 1830 2713 sententia,
1873 2634 2247 2699 cerebrum
2282 2634 2479 2699 iden-

425 2732 643 2796 tidem
709 2733 1111 2813 volutatur3
1175 2738 1247 2797 et
1293 2733 1368 2796 ni
1432 2750 1563 2813 ego
1626 2733 2102 2797 accurrissem
2166 2731 2477 2796 amiculo

422 2831 707 2912 iniectO,
772 2832 939 2895 dum
1009 2831 1284 2895 coelum
1352 2835 1736 2913 suspectat,
1800 2830 2477 2926 etsslvqfffissfflon

424 2929 641 3009 videt,
702 2931 776 2992 in
839 2947 927 2993 ea
988 2929 1252 3007 illatuS‚
1317 2930 1649 3010 apiculae
1716 2928 1918 2993 illum
1982 2912 2476 2993 confecissent.

422 3026 593 3090 Mihi
655 3027 962 3091 credite:
1025 3044 1231 3090 senes
1277 3027 1569 3090 tandem
1634 3044 1901 3105 omnes,
1950 3028 2213 3108 quique
2275 3042 2480 3108 prae-

421 3125 669 3189 sertim
703 3124 927 3188 habiti
961 3130 1126 3188 sunt
1164 3124 1654 3206 sapientiores»,
1689 3124 1941 3188 delirio
1972 3125 2475 3206 corripiuntur.

423 3221 656 3287 Senex
689 3227 930 3286 autem
963 3223 1081 3287 hic
1115 3228 1354 3287 noster
1400 3242 1542 3286 non
1594 3241 1731 3286 uno
1780 3223 2042 3286 delirat
2082 3223 2307 3287 modo,
2341 3221 2479 3287 Sed

422 3339 564 3384 non
598 3328 706 3384 est
739 3338 930 3385 nunc
978 3321 1186 3402 plura
1233 3321 1519 3385 dicendi
1568 3322 1830 3386 locuS...
1866 3321 2123 3385 Dicam
2159 3322 2479 3402 apertius

422 3419 623 3482 alias,
657 3418 920 3482 Amore
953 3420 1171 3483 etiam
1207 3420 1495 3498 insanit,
1530 3436 1618 3483 ac
1662 3419 1935 3483 nutrire
1966 3419 2102 3482 sibi
2134 3418 2479 3500 capillum

423 3518 680 3597 coepit,
714 3517 835 3598 qui
867 3521 1069 3581 tonso
1102 3535 1385 3598 semper
1409 3517 1647 3599 capite
1681 3517 1755 3581 in
1788 3517 1978 3581 hunc
2012 3534 2233 3599 usque
2265 3517 2476 3599 diem,

424 3618 638 3696 atque
685 3615 758 3677 in
808 3614 1173 3696 publicum
1220 3615 1667 3696 processerit.

515 3713 671 3776 Par.
705 3746 795 3759 —-
826 3712 1104 3777 Faselio
1169 3714 1286 3795 mi,
1333 3714 1449 3778 dic
1510 3714 1841 3778 obsecro:
1889 3713 1977 3777 de
2040 3714 2242 3779 asino
2305 3712 2477 3796 quid

423 3814 533 3874 est
579 3810 872 3874 actum?
