2844 4375
1308 0 1493 64 κνῆ-μμ

439 213 528 278 20
1297 226 1636 278 ΡοΝΤΑΝο

439 355 687 420 Paxne
747 354 959 420 ‘facta
1035 359 1143 419 est
1167 353 1265 420 P...
1336 355 1930 420 Anniversarium
2002 354 2131 420 tibi
2200 373 2487 420 sacrum

436 453 957 534 cauponarium
1005 471 1098 516 ex
1144 457 1313 517 voto
1365 457 1668 518 statuo...
1716 451 1774 520 O
1823 453 2175 518 misellam
2225 470 2488 536 caupo-

439 553 646 616 nam!
695 551 1179 634 Ecquandone
1226 551 1400 615 mihi
1448 551 1806 616 frondenti
1854 552 2041 633 apio,
2083 552 2328 616 laureo
2375 569 2485 616 re-

437 650 726 715 dimitas
794 658 1006 731 serto,
1077 650 1471 714 exteriores
1532 649 1739 728 soree,
1802 650 2124 714 internas
2188 651 2491 714 cellulas

437 749 655 813 liceat
714 765 1063 812 coronare
1080 747 1178 812 2²...
1225 747 1496 812 Verum
1544 764 1676 830 ego
1730 765 1888 812 sum
1948 749 2252 829 stultior,
2303 748 2492 813 occi-

439 847 653 910 dente
697 846 843 910 iam
892 846 1060 926 sole,
1109 846 1297 911 diem
1347 845 1467 928 qui
1516 846 1608 909 ad
1656 851 1986 910 exortum
2042 864 2399 910 revocem.

542 942 612 1009 V.
657 980 739 989 —
790 944 1006 1026 Atqui
1075 943 1569 1008 felicissimum
1638 948 1805 1023 tete,
1874 943 2251 1026 ipsamque
2322 962 2487 1008 cum

439 1042 689 1126 primis
728 1046 966 1107 tecum
1015 1059 1417 1122 cauponam
1452 1041 1691 1106 dicito.
1726 1041 1879 1106 Pax
1913 1043 2100 1106 diem
2134 1042 2487 1110 instaura-

439 1140 564 1204 bit.
613 1139 876 1204 Pacem
938 1139 1013 1203 in
1075 1138 1342 1203 foribus
1403 1144 1623 1222 atque
1683 1140 1759 1203 in
1822 1140 2091 1205 tabella
2146 1139 2487 1222 pingito...

441 1237 754 1328 Lucrum
803 1237 929 1301 tibi
977 1237 1358 1317 vinarium,
1408 1238 2110 1320 emolumentumque
2164 1238 2490 1320 pulmen-

439 1337 710 1401 tarium·
753 1335 982 1400 omnis
1030 1336 1332 1418 generiS,
1380 1335 1655 1419 ingene,
1704 1337 2007 1419 largum,
2042 1337 2491 1418 opulentum-

439 1454 578 1518 que
649 1441 1041 1518 augurator
1059 1437 1140 1500 l...
1205 1435 1532 1514 Eveniet‚
1603 1436 1777 1500 mihi
1846 1437 2096 1516 crede3
2168 1436 2489 1501 eveniet!

438 1533 543 1598 Tu
590 1534 719 1598 tibi
769 1533 950 1597 bene
997 1533 1204 1613 habe,
1253 1551 1619 1616 cupasque
1668 1552 1759 1598 ex
1820 1534 1995 1598 urbe
2043 1539 2492 1616 comportato

437 1633 582 1698 huc
630 1632 1012 1696 vinarias...
1062 1631 1210 1696 Fac
1263 1632 1550 1696 rideant
1595 1631 1802 1712 soree,
1854 1631 2058 1697 effice
2124 1636 2200 1696 ut
2261 1633 2490 1696 omnis

441 1737 514 1794 et
576 1731 827 1794 domus
889 1735 961 1793 et
1021 1730 1268 1794 hortus
1327 1730 1675 1795 renideat.
1724 1729 1879 1794 Pax
1924 1730 2105 1794 haec
2160 1731 2489 1811 imperat,

441 1829 786 1910 pacisque
849 1829 1125 1892 amicus
1188 1828 1498 1910 Euhyus‚
1555 1846 1928 1910 cauponae
1987 1829 2208 1911 ipsius
2274 1834 2493 1910 atque

441 1926 998 2008 cauponantium
1032 1933 1260 2010 pater.
1287 1927 1438 2010 Ego
1471 1926 1845 2008 Neapolim
1878 1944 2203 2009 propero,
2230 1927 2490 2014 triente

444 2029 759 2090 exsuct0.

538 2216 608 2285 0.
650 2258 732 2307 ε-
792 2221 986 2286 Bene
1052 2221 1223 2286 mihi
1284 2222 1437 2286 fore
1506 2239 1689 2304 pace
1750 2240 1843 2286 ex
1902 2222 2061 2303 hac,
2112 2228 2195 2286 'et
2264 2222 2493 2286 libens

441 2319 606 2384 volo
653 2323 726 2384 et
780 2320 1116 2383 libentius
1174 2337 1507 2402 auguror.
1557 2320 1803 2402 Agite!
1854 2320 1972 2401 qui
2036 2320 2301 2383 adestis
2363 2320 2493 2382 mi·-

439 2417 712 2482 nistri...
747 2417 1045 2499 cyathos
1093 2418 1346 2483 eluite!
1395 2417 1602 2497 Socii,
1652 2418 1835 2482 talos
1881 2417 2199 2482 iacite!...
2234 2418 2496 2481 hilare-

443 2534 600 2579 mus
632 2516 818 2579 diem
867 2514 1059 2579 hunc
1106 2516 1339 2580 Paci...
1375 2515 1597 2580 Adest
1628 2516 2038 2597 quaternio:
2074 2520 2329 2593 quarto
2362 2514 2493 2579 tibi

443 2613 832 2695 potandum
883 2613 1151 2678 edico...
1187 2614 1407 2678 Adest
1440 2630 1720 2677 rursum
1756 2614 2166 2695 quaternio:
2207 2630 2492 2677 rursum

443 2711 571 2776 tibi
635 2711 1074 2776 (luctandum
1137 2713 1271 2777 hoc
1335 2716 1463 2792 est,
1522 2712 1761 2792 udum,
1822 2729 2098 2793 roranS‚
2148 2728 2492 2793 generoso

445 2826 486 2875 e
531 2809 849 2891 palmite.
898 2809 1008 2873 Ah
1057 2810 1182 2874 ah!
1231 2809 1494 2874 cecidit
1542 2808 1821 2875 Oanis...
1855 2808 1960 2874 Tu
2007 2809 2295 2892 quidem
2340 2810 2491 2891 ipse

443 2907 662 2989 sities,
714 2912 790 2971 ut
849 2907 978 2972 illa
1024 2912 1132 2972 est
1178 2908 1610 2973 siticulosa...
1658 2908 1794 2978 hoc
1852 2907 2005 2989 ipso
2068 2908 2491 2989 praesertim

445 3009 830 3087 tempore...
881 3005 989 3069 En
1034 3006 1296 3070 iterum
1350 3004 1565 3070 Canis
1628 3006 2063 3069 allatravit...
2115 3004 2316 3069 Licet
2377 3005 2495 3071 siti

444 3104 850 3186 conficiare,
913 3110 1060 3168 tam
1132 3104 1322 3168 male
1385 3103 1791 3169 fortunatus
1860 3104 1982 3185 qui
2050 3103 2223 3167 sies!
2294 3102 2493 3186 Euge

442 3219 624 3283 euge
686 3202 838 3280 tibi,
883 3204 1150 3285 caupo!
1214 3202 1439 3267 Adest
1499 3202 1760 3267 senio...
1813 3202 2015 3266 adest
2076 3219 2355 3266 rursum
2422 3204 2495 3267 et

441 3300 660 3365 senio,
710 3300 880 3365 Mihi
929 3302 1308 3383 augurium
1354 3302 1493 3366 hoc
1538 3301 1924 3383 promitur3
1973 3301 2147 3365 mihi
2194 3302 2492 3365 ductan-

443 3398 611 3463 dum
647 3403 819 3463 est...
852 3398 987 3463 Vel
1019 3399 1282 3482 septies
1315 3400 1670 3481 quidem...
1704 3398 1943 3463 decies
1974 3399 2232 3464 iterato
2263 3399 2495 3464 ducti-

443 3496 646 3561 tabo!
695 3497 958 3579 quippe
1005 3498 1125 3580 qui
1173 3498 1581 3562 valentibus
1629 3496 1947 3579 pedibus»,
1981 3498 2219 3580 capite
2250 3498 2498 3561 valen·

444 3594 627 3659 tiore
693 3600 875 3658 utar.
940 3593 1441 3678 Compleamus
1501 3595 1829 3659 hilariter
1896 3613 2337 3659 numerum...
2402 3594 2499 3659 At

448 3696 590 3757 at...
638 3695 891 3756 utorne
940 3710 1072 3774 ego
1117 3698 1315 3759 recte
1349 3693 1575 3758 oculis
1593 3692 1688 3758 ‘?...
1724 3693 2207 3776 agglomerari
2238 3711 2329 3758 ne
2362 3710 2496 3775 ego

445 3789 818 3871 pulverem
867 3789 1077 3853 video
1124 3792 1403 3873 agitatu
1452 3792 1712 3873 equino
1726 3790 1822 3855 ἱ)...
1872 3809 1969 3855 an
2022 3794 2302 3873 ventus»,
2352 3808 2498 3854 me-
