2844 4375
439 185 528 248 44
1299 201 1637 252 PONTANO

1233 425 1697 493 EPISTOLA.

540 650 568 678 ‹
601 622 900 698 Amab0,
950 620 1281 686 Charitee
1347 639 1547 687 meus
1609 625 1832 705 ocule,
1896 625 2254 707 pectinem
2320 626 2491 692 mihi

437 723 769 784 auratum
804 720 1042 802 emite,
1077 721 1198 802 qui
1245 721 1336 784 sit
1383 721 1759 806 eburneus,
1811 723 2319 788 Praxitelicus!
2353 743 2491 806 quo

438 819 604 884 dum
653 819 1029 900 stringitur
1073 818 1383 900 dumque
1432 819 1638 883 dorso
1686 823 1946 904 agitur,
1986 821 2249 886 tinniat
2295 823 2491 903 mihi,

435 916 980 982 subblandiatur
1010 917 1252 981 animo
1283 934 1465 999 me0,
1496 919 1616 999 qui
1665 919 1887 985 risum
1921 920 2244 1002 pelliciat
2274 924 2490 1004 atque

434 1015 994 1080 hilaritudinem.
1055 1012 1239 1096 Quid
1299 1015 1491 1079 enim
1552 1017 1773 1082 asello
1846 1035 2003 1082 meo
2067 1018 2494 1084 delicatius?

437 1113 608 1177 Vult
676 1113 811 1177 sibi
880 1113 1286 1195 applaudi...
1336 1114 1494 1178 vult
1564 1114 1705 1179 dici
1782 1116 2175 1180 bellissima
2243 1117 2490 1182 verba.

438 1211 645 1293 Facit
708 1210 880 1275 mihi
941 1210 1225 1275 delitias
1273 1211 1441 1275 dum
1490 1213 1556 1276 ei
1610 1212 1916 1278 frontem
1980 1214 2271 1297 defricO,
2321 1216 2490 1280 dum

436 1309 830 1374 versiculos
889 1311 1203 1374 succino,
1251 1306 1435 1390 Quin
1500 1315 1572 1374 te
1619 1311 2013 1376 beatiorem
2062 1316 2140 1376 ut
2202 1313 2489 1396 faciam,

435 1411 508 1472 et
538 1407 675 1472 hoc
709 1408 977 1490 accipe.
1011 1407 1329 1490 Apposui
1376 1408 1705 1474 deliciolo
1746 1428 1906 1475 meo
1944 1428 1983 1474 e
2019 1410 2233 1475 melle
2264 1411 2493 1476 ienta-

433 1505 742 1571 culum...
793 1505 935 1571 Ubi
1002 1505 1178 1571 illud
1239 1505 1561 1588 delinxit,
1627 1508 1869 1573 osculo
1933 1526 2046 1573 me
2116 1509 2493 1574 confestim

438 1603 643 1684 petiit
679 1607 852 1672 ,tam
915 1604 1198 1685 blande,
1250 1608 1324 1668 ut
1379 1604 1445 1667 ei
1508 1621 1787 1686 quoque
1847 1606 2261 1687 amplexum
2324 1624 2490 1672 cum

433 1701 676 1767 osculo
707 1703 1098 1767 retulerim.
1133 1701 1392 1766 Beavit
1424 1719 1559 1782 me,
1594 1703 1803 1785 cupio
1838 1708 1909 1768 et
1948 1705 2150 1768 illum
2200 1705 2487 1770 beatum

434 1815 608 1863 esse.
657 1798 763 1864 Tu
811 1817 1004 1876 vem,
1039 1817 1240 1864 meus
1287 1799 1617 1880 amicule,
1667 1804 1739 1864 et
1784 1800 1963 1865 illud
1998 1803 2244 1866 statim
2278 1803 2489 1868 cura!

435 1895 668 1960 Timet
715 1897 1122 1963 deliciolum
1173 1915 1412 1961 meum
1463 1914 1768 1976 muscaS,
1816 1898 2092 1963 calores
2140 1899 2487 1981 fugitat....

435 1999 842 2075 perrectato
911 1996 1272 2060 institores
1343 1995 1637 2076 omneis,
1710 1995 1876 2060 dum
1956 2013 1995 2060 e
2072 1998 2487 2063 tenuissimo

435 2093 664 2158 serico
741 2095 1139 2177 stragulum
1211 2109 1607 2174 compares,
1680 2111 1817 2174 quo
1885 2093 2197 2159 intectus
2266 2095 2487 2161 Arion

435 2208 714 2272 meus...
757 2191 1086 2274 Cyllarus
1158 2209 1425 2256 meuS...
1500 2208 1910 2256 muscarum
1983 2197 2107 2257 aut
2173 2194 2485 2259 culicum

430 2290 720 2354 aculeos
769 2308 858 2355 ne
913 2290 1242 2356 sentiat...
1290 2290 1525 2371 Atque
1586 2290 1658 2353 id
1721 2307 1885 2356 cum
1948 2291 2199 2372 primis
2260 2292 2485 2374 effice,

436 2394 513 2449 ut
545 2388 637 2451 sit
683 2406 898 2469 quam
947 2388 1548 2472 fulgentissimum
1597 2388 2019 2471 stragulum,
2070 2389 2491 2455 delicatissi-

433 2502 626 2549 mum
675 2490 974 2569 textum,
1023 2486 1523 2551 solidissimum
1576 2502 1984 2551 muscarum
2041 2488 2486 2570 repagulum.

519 3064 624 3130 Ne
689 3084 859 3131 vero
921 3072 1048 3133 aut
1111 3070 1372 3136 mirere
1420 3056 1547 3137 aut
1608 3072 1899 3155 indigne
1966 3074 2155 3139 feras
2216 3074 2485 3139 domini
2614 3142 2621 3146 ,

429 3161 747 3244 deliciaS,
799 3165 963 3229 vide
1025 3170 1098 3231 et
1158 3169 1653 3252 contemplare
1717 3188 1807 3234 ex
1866 3171 2067 3235 asino
2130 3176 2347 3254 atque
2409 3173 2486 3236 in

431 3260 631 3326 asino
679 3260 1230 3345 Pythagoricam
1280 3267 1755 3348 disciplinam.
1805 3267 1988 3332 Nam
2044 3269 2227 3333 haec
2274 3270 2367 3335 ad
2413 3275 2487 3335 te

427 3358 594 3422 dum
643 3361 896 3443 scribo,
947 3363 1362 3446 perlegente
1410 3366 1654 3449 asello,
1703 3366 1875 3449 ipse,
1926 3369 2486 3433 accommodatis

427 3456 815 3618 hgmdanam
879 3460 969 3523 ad
1019 3462 1584 3535 enuntiationem
1646 3465 1887 3547 labriS,
1937 3465 2289 3531 distichon
2350 3466 2486 3530 hoc

426 3570 468 3617 e
527 3573 570 3617 u
621 3554 710 3620 it:
