<?xml version="1.0" encoding="UTF-8"?>
<!DOCTYPE html PUBLIC "-//W3C//DTD XHTML 1.0 Transitional//EN"
    "http://www.w3.org/TR/xhtml1/DTD/xhtml1-transitional.dtd">
<html xmlns="http://www.w3.org/1999/xhtml" xml:lang="en" lang="en">
 <head>
  <title>
</title>
<meta http-equiv="Content-Type" content="text/html;charset=utf-8" />
  <meta name='ocr-system' content='tesseract 3.04.00' />
  <meta name='ocr-capabilities' content='ocr_page ocr_carea ocr_par ocr_line ocrx_word'/>
</head>
<body>
  <div class='ocr_page' id='page_1' title='image "./lasinoeilcaront00pontgoog_0044.png"; bbox 0 0 2844 4375; ppageno 0'>
   <div class='ocr_carea' id='block_1_1' title="bbox 439 221 1637 288">
    <p class='ocr_par' dir='ltr' id='par_1_1' title="bbox 439 221 1637 288">
     <span class='ocr_line' id='line_1_1' title="bbox 439 221 1637 288; baseline -0.003 0"><span class='ocrx_word' id='word_1_1' title='bbox 439 221 526 288; x_wconf 85' lang='lat'>38</span> <span class='ocrx_word' id='word_1_2' title='bbox 1299 234 1637 285; x_wconf 76' lang='lat' dir='ltr'>PONTANO</span> 
     </span>
    </p>
   </div>
   <div class='ocr_carea' id='block_1_2' title="bbox 926 486 2011 744">
    <p class='ocr_par' dir='ltr' id='par_1_2' title="bbox 926 486 2011 744">
     <span class='ocr_line' id='line_1_2' title="bbox 1401 486 1526 551; baseline 0.008 -1"><span class='ocrx_word' id='word_1_3' title='bbox 1401 486 1526 551; x_wconf 88' lang='lat' dir='ltr'>IV.</span> 
     </span>
     <span class='ocr_line' id='line_1_3' title="bbox 926 659 2011 744; baseline -0.002 -16"><span class='ocrx_word' id='word_1_4' title='bbox 926 661 1228 742; x_wconf 75' lang='lat' dir='ltr'>Altilius,</span> <span class='ocrx_word' id='word_1_5' title='bbox 1279 663 1567 744; x_wconf 74' lang='lat' dir='ltr'>Pardus,</span> <span class='ocrx_word' id='word_1_6' title='bbox 1623 659 2011 726; x_wconf 76' lang='lat' dir='ltr'>Charitaeus</span> 
     </span>
    </p>
   </div>
   <div class='ocr_carea' id='block_1_3' title="bbox 528 849 2497 931">
    <p class='ocr_par' dir='ltr' id='par_1_3' title="bbox 528 849 2497 931">
     <span class='ocr_line' id='line_1_4' title="bbox 528 849 2497 931; baseline 0.001 -15"><span class='ocrx_word' id='word_1_7' title='bbox 528 849 639 918; x_wconf 86' lang='lat' dir='ltr'>Al.</span> <span class='ocrx_word' id='word_1_8' title='bbox 673 889 762 900; x_wconf 89' lang='lat'>—-</span> <span class='ocrx_word' id='word_1_9' title='bbox 795 851 1015 931; x_wconf 76' lang='lat' dir='ltr'>(solo)</span> <span class='ocrx_word' id='word_1_10' title='bbox 1061 853 1483 918; x_wconf 89' lang='lat' dir='ltr'>Iudicabam</span> <span class='ocrx_word' id='word_1_11' title='bbox 1518 857 1759 917; x_wconf 89' lang='lat' dir='ltr'>actum</span> <span class='ocrx_word' id='word_1_12' title='bbox 1791 870 1956 918; x_wconf 87' lang='lat' dir='ltr'>cum</span> <span class='ocrx_word' id='word_1_13' title='bbox 1995 853 2294 918; x_wconf 89' lang='lat' dir='ltr'>Ioviano</span> <span class='ocrx_word' id='word_1_14' title='bbox 2340 852 2497 917; x_wconf 87' lang='lat' dir='ltr'>feli-</span> 
     </span>
    </p>
   </div>
   <div class='ocr_carea' id='block_1_4' title="bbox 437 951 2491 1034">
    <p class='ocr_par' dir='ltr' id='par_1_4' title="bbox 437 951 2491 1034">
     <span class='ocr_line' id='line_1_5' title="bbox 437 951 2491 1034; baseline -0 -18"><span class='ocrx_word' id='word_1_15' title='bbox 437 951 743 1034; x_wconf 87' lang='lat' dir='ltr'>cissime,</span> <span class='ocrx_word' id='word_1_16' title='bbox 778 951 985 1033; x_wconf 91' lang='lat' dir='ltr'>quod,</span> <span class='ocrx_word' id='word_1_17' title='bbox 1017 967 1199 1033; x_wconf 91' lang='lat' dir='ltr'>pace</span> <span class='ocrx_word' id='word_1_18' title='bbox 1230 954 1461 1032; x_wconf 89' lang='lat' dir='ltr'>parta,</span> <span class='ocrx_word' id='word_1_19' title='bbox 1494 951 1735 1032; x_wconf 90' lang='lat' dir='ltr'>regias</span> <span class='ocrx_word' id='word_1_20' title='bbox 1766 969 1881 1015; x_wconf 93' lang='lat' dir='ltr'>res</span> <span class='ocrx_word' id='word_1_21' title='bbox 1912 968 2133 1033; x_wconf 88' lang='lat' dir='ltr'>prope</span> <span class='ocrx_word' id='word_1_22' title='bbox 2167 951 2491 1033; x_wconf 88' lang='lat' dir='ltr'>afflictas,</span> 
     </span>
    </p>
   </div>
   <div class='ocr_carea' id='block_1_5' title="bbox 437 1049 2496 1132">
    <p class='ocr_par' dir='ltr' id='par_1_5' title="bbox 437 1049 2496 1132">
     <span class='ocr_line' id='line_1_6' title="bbox 437 1049 2496 1132; baseline 0 -18"><span class='ocrx_word' id='word_1_23' title='bbox 437 1067 708 1132; x_wconf 89' lang='lat' dir='ltr'>magna</span> <span class='ocrx_word' id='word_1_24' title='bbox 741 1066 874 1113; x_wconf 90' lang='lat' dir='ltr'>sua</span> <span class='ocrx_word' id='word_1_25' title='bbox 904 1066 1067 1113; x_wconf 88' lang='lat' dir='ltr'>cum</span> <span class='ocrx_word' id='word_1_26' title='bbox 1102 1049 1354 1131; x_wconf 89' lang='lat' dir='ltr'>gloria,</span> <span class='ocrx_word' id='word_1_27' title='bbox 1388 1049 1661 1113; x_wconf 91' lang='lat' dir='ltr'>maiore</span> <span class='ocrx_word' id='word_1_28' title='bbox 1692 1050 2115 1130; x_wconf 89' lang='lat' dir='ltr'>populorum</span> <span class='ocrx_word' id='word_1_29' title='bbox 2146 1050 2496 1132; x_wconf 87' lang='lat' dir='ltr'>tranquil-</span> 
     </span>
    </p>
   </div>
   <div class='ocr_carea' id='block_1_6' title="bbox 436 1146 2495 1622">
    <p class='ocr_par' dir='ltr' id='par_1_6' title="bbox 436 1146 2495 1622">
     <span class='ocr_line' id='line_1_7' title="bbox 437 1146 2493 1229; baseline 0 -19"><span class='ocrx_word' id='word_1_30' title='bbox 437 1147 663 1228; x_wconf 81' lang='lat' dir='ltr'><strong>litate,</strong></span> <span class='ocrx_word' id='word_1_31' title='bbox 713 1164 854 1210; x_wconf 92' lang='lat' dir='ltr'>non</span> <span class='ocrx_word' id='word_1_32' title='bbox 917 1147 1346 1211; x_wconf 88' lang='lat' dir='ltr'>restituisset</span> <span class='ocrx_word' id='word_1_33' title='bbox 1406 1146 1636 1229; x_wconf 89' lang='lat' dir='ltr'>modo,</span> <span class='ocrx_word' id='word_1_34' title='bbox 1685 1164 1937 1210; x_wconf 87' lang='lat' dir='ltr'>verum</span> <span class='ocrx_word' id='word_1_35' title='bbox 1995 1147 2214 1211; x_wconf 91' lang='lat' dir='ltr'>etiam</span> <span class='ocrx_word' id='word_1_36' title='bbox 2277 1146 2493 1211; x_wconf 89' lang='lat' dir='ltr'>stabi—</span> 
     </span>
     <span class='ocr_line' id='line_1_8' title="bbox 436 1242 2493 1328; baseline -0 -19"><span class='ocrx_word' id='word_1_37' title='bbox 436 1245 656 1319; x_wconf 82' lang='lat' dir='ltr'>lisset.</span> <span class='ocrx_word' id='word_1_38' title='bbox 722 1242 1002 1325; x_wconf 84' lang='lat' dir='ltr'>Quanto</span> <span class='ocrx_word' id='word_1_39' title='bbox 1072 1248 1314 1309; x_wconf 89' lang='lat' dir='ltr'>autem</span> <span class='ocrx_word' id='word_1_40' title='bbox 1377 1262 1586 1309; x_wconf 89' lang='lat' dir='ltr'>secus</span> <span class='ocrx_word' id='word_1_41' title='bbox 1651 1249 1723 1308; x_wconf 86' lang='lat' dir='ltr'>et</span> <span class='ocrx_word' id='word_1_42' title='bbox 1784 1245 1889 1308; x_wconf 91' lang='lat' dir='ltr'>illi</span> <span class='ocrx_word' id='word_1_43' title='bbox 1954 1250 2027 1309; x_wconf 88' lang='lat' dir='ltr'>et</span> <span class='ocrx_word' id='word_1_44' title='bbox 2088 1245 2308 1323; x_wconf 81' lang='lat' dir='ltr'>nobiS,</span> <span class='ocrx_word' id='word_1_45' title='bbox 2371 1245 2493 1328; x_wconf 89' lang='lat' dir='ltr'>qui</span> 
     </span>
     <span class='ocr_line' id='line_1_9' title="bbox 438 1341 2495 1424; baseline -0.001 -16"><span class='ocrx_word' id='word_1_46' title='bbox 438 1361 601 1408; x_wconf 87' lang='lat' dir='ltr'>eum</span> <span class='ocrx_word' id='word_1_47' title='bbox 666 1361 992 1408; x_wconf 89' lang='lat' dir='ltr'>amamus</span> <span class='ocrx_word' id='word_1_48' title='bbox 1054 1348 1127 1408; x_wconf 86' lang='lat' dir='ltr'>et</span> <span class='ocrx_word' id='word_1_49' title='bbox 1185 1343 1507 1423; x_wconf 88' lang='lat' dir='ltr'>colimus,</span> <span class='ocrx_word' id='word_1_50' title='bbox 1565 1341 1931 1424; x_wconf 89' lang='lat' dir='ltr'>acciderit,</span> <span class='ocrx_word' id='word_1_51' title='bbox 1993 1343 2232 1408; x_wconf 80' lang='lat' dir='ltr'>dicere</span> <span class='ocrx_word' id='word_1_52' title='bbox 2294 1344 2495 1408; x_wconf 88' lang='lat' dir='ltr'>dolor</span> 
     </span>
     <span class='ocr_line' id='line_1_10' title="bbox 437 1440 2493 1524; baseline 0 -20"><span class='ocrx_word' id='word_1_53' title='bbox 437 1440 800 1524; x_wconf 85' lang='lat' dir='ltr'>prohibet:</span> <span class='ocrx_word' id='word_1_54' title='bbox 849 1441 1027 1505; x_wconf 90' lang='lat' dir='ltr'>nihil</span> <span class='ocrx_word' id='word_1_55' title='bbox 1075 1441 1266 1504; x_wconf 91' lang='lat' dir='ltr'>enim</span> <span class='ocrx_word' id='word_1_56' title='bbox 1315 1441 1734 1522; x_wconf 87' lang='lat' dir='ltr'>contingere</span> <span class='ocrx_word' id='word_1_57' title='bbox 1786 1445 1911 1504; x_wconf 88' lang='lat' dir='ltr'>aut</span> <span class='ocrx_word' id='word_1_58' title='bbox 1958 1440 2064 1504; x_wconf 92' lang='lat' dir='ltr'>illi</span> <span class='ocrx_word' id='word_1_59' title='bbox 2110 1440 2493 1522; x_wconf 89' lang='lat' dir='ltr'>indignius,</span> 
     </span>
     <span class='ocr_line' id='line_1_11' title="bbox 439 1539 1586 1622; baseline -0.002 -18"><span class='ocrx_word' id='word_1_60' title='bbox 439 1545 564 1604; x_wconf 84' lang='lat' dir='ltr'>aut</span> <span class='ocrx_word' id='word_1_61' title='bbox 611 1539 813 1604; x_wconf 87' lang='lat' dir='ltr'>nobis</span> <span class='ocrx_word' id='word_1_62' title='bbox 859 1539 1290 1622; x_wconf 83' lang='lat' dir='ltr'><strong>insperatius</strong></span> <span class='ocrx_word' id='word_1_63' title='bbox 1337 1539 1586 1621; x_wconf 89' lang='lat' dir='ltr'>potuit.</span> 
     </span>
    </p>
   </div>
   <div class='ocr_carea' id='block_1_7' title="bbox 433 1919 2499 3866">
    <p class='ocr_par' dir='ltr' id='par_1_7' title="bbox 434 1919 2495 2495">
     <span class='ocr_line' id='line_1_12' title="bbox 527 1919 2491 2002; baseline 0.001 -19"><span class='ocrx_word' id='word_1_64' title='bbox 527 1921 686 1988; x_wconf 85' lang='lat' dir='ltr'>Par.</span> <span class='ocrx_word' id='word_1_65' title='bbox 720 1959 805 1967; x_wconf 93' lang='lat'>—-</span> <span class='ocrx_word' id='word_1_66' title='bbox 838 1919 1021 2002; x_wconf 84' lang='lat' dir='ltr'>Quid</span> <span class='ocrx_word' id='word_1_67' title='bbox 1068 1921 1204 1985; x_wconf 91' lang='lat' dir='ltr'>hoc</span> <span class='ocrx_word' id='word_1_68' title='bbox 1237 1925 1344 1985; x_wconf 90' lang='lat' dir='ltr'>est</span> <span class='ocrx_word' id='word_1_69' title='bbox 1376 1921 1562 2002; x_wconf 91' lang='lat' dir='ltr'>quod</span> <span class='ocrx_word' id='word_1_70' title='bbox 1596 1924 1666 1985; x_wconf 91' lang='lat' dir='ltr'>te</span> <span class='ocrx_word' id='word_1_71' title='bbox 1699 1923 2076 2002; x_wconf 80' lang='lat' dir='ltr'>tantopere</span> <span class='ocrx_word' id='word_1_72' title='bbox 2107 1920 2491 1994; x_wconf 87' lang='lat' dir='ltr'>sollicitum</span> 
     </span>
     <span class='ocr_line' id='line_1_13' title="bbox 437 2018 2493 2100; baseline -0.001 -16"><span class='ocrx_word' id='word_1_73' title='bbox 437 2037 527 2084; x_wconf 89' lang='lat' dir='ltr'>ac</span> <span class='ocrx_word' id='word_1_74' title='bbox 575 2020 764 2086; x_wconf 91' lang='lat' dir='ltr'>male</span> <span class='ocrx_word' id='word_1_75' title='bbox 811 2018 1078 2083; x_wconf 79' lang='lat' dir='ltr'>habet?</span> <span class='ocrx_word' id='word_1_76' title='bbox 1123 2018 1306 2084; x_wconf 90' lang='lat' dir='ltr'>Nam</span> <span class='ocrx_word' id='word_1_77' title='bbox 1356 2026 1427 2082; x_wconf 90' lang='lat' dir='ltr'>et</span> <span class='ocrx_word' id='word_1_78' title='bbox 1478 2019 1699 2083; x_wconf 88' lang='lat' dir='ltr'>verba</span> <span class='ocrx_word' id='word_1_79' title='bbox 1739 2019 1994 2083; x_wconf 88' lang='lat' dir='ltr'>metior</span> <span class='ocrx_word' id='word_1_80' title='bbox 2040 2025 2186 2100; x_wconf 90' lang='lat' dir='ltr'>tua,</span> <span class='ocrx_word' id='word_1_81' title='bbox 2220 2021 2293 2082; x_wconf 88' lang='lat' dir='ltr'>et</span> <span class='ocrx_word' id='word_1_82' title='bbox 2338 2036 2493 2082; x_wconf 90' lang='lat' dir='ltr'>rem</span> 
     </span>
     <span class='ocr_line' id='line_1_14' title="bbox 438 2116 2493 2201; baseline -0.001 -18"><span class='ocrx_word' id='word_1_83' title='bbox 438 2119 666 2201; x_wconf 81' lang='lat' dir='ltr'><strong>ipsam</strong></span> <span class='ocrx_word' id='word_1_84' title='bbox 719 2118 1019 2182; x_wconf 89' lang='lat' dir='ltr'>mirifice</span> <span class='ocrx_word' id='word_1_85' title='bbox 1074 2118 1459 2200; x_wconf 89' lang='lat' dir='ltr'>suspicor...</span> <span class='ocrx_word' id='word_1_86' title='bbox 1509 2116 1756 2200; x_wconf 88' lang='lat' dir='ltr'>Neque</span> <span class='ocrx_word' id='word_1_87' title='bbox 1820 2116 1996 2181; x_wconf 90' lang='lat' dir='ltr'>illud</span> <span class='ocrx_word' id='word_1_88' title='bbox 2059 2134 2173 2180; x_wconf 90' lang='lat' dir='ltr'>me</span> <span class='ocrx_word' id='word_1_89' title='bbox 2236 2133 2493 2199; x_wconf 90' lang='lat' dir='ltr'>parum</span> 
     </span>
     <span class='ocr_line' id='line_1_15' title="bbox 434 2215 2495 2301; baseline -0.001 -20"><span class='ocrx_word' id='word_1_90' title='bbox 434 2218 695 2299; x_wconf 85' lang='lat' dir='ltr'>turbat,</span> <span class='ocrx_word' id='word_1_91' title='bbox 744 2217 930 2299; x_wconf 90' lang='lat' dir='ltr'>quod</span> <span class='ocrx_word' id='word_1_92' title='bbox 976 2217 1153 2281; x_wconf 89' lang='lat' dir='ltr'>hora</span> <span class='ocrx_word' id='word_1_93' title='bbox 1202 2216 1891 2301; x_wconf 86' lang='lat' dir='ltr'>tamintempestiva</span> <span class='ocrx_word' id='word_1_94' title='bbox 1943 2215 2333 2280; x_wconf 86' lang='lat' dir='ltr'>convenire</span> <span class='ocrx_word' id='word_1_95' title='bbox 2380 2234 2495 2279; x_wconf 89' lang='lat' dir='ltr'>me</span> 
     </span>
     <span class='ocr_line' id='line_1_16' title="bbox 436 2314 2495 2397; baseline -0.001 -18"><span class='ocrx_word' id='word_1_96' title='bbox 436 2316 770 2395; x_wconf 85' lang='lat' dir='ltr'>volueris,</span> <span class='ocrx_word' id='word_1_97' title='bbox 805 2334 968 2379; x_wconf 91' lang='lat' dir='ltr'>cum</span> <span class='ocrx_word' id='word_1_98' title='bbox 1008 2316 1435 2397; x_wconf 89' lang='lat' dir='ltr'>praesertim</span> <span class='ocrx_word' id='word_1_99' title='bbox 1468 2315 1791 2379; x_wconf 88' lang='lat' dir='ltr'>noverim</span> <span class='ocrx_word' id='word_1_100' title='bbox 1825 2314 1897 2378; x_wconf 91' lang='lat' dir='ltr'>in</span> <span class='ocrx_word' id='word_1_101' title='bbox 1933 2314 2229 2396; x_wconf 85' lang='lat' dir='ltr'>agendis</span> <span class='ocrx_word' id='word_1_102' title='bbox 2282 2314 2495 2378; x_wconf 88' lang='lat' dir='ltr'>rebus</span> 
     </span>
     <span class='ocr_line' id='line_1_17' title="bbox 436 2414 1388 2495; baseline -0.001 -17"><span class='ocrx_word' id='word_1_103' title='bbox 436 2414 822 2495; x_wconf 83' lang='lat' dir='ltr'>pensitatio</span> <span class='ocrx_word' id='word_1_104' title='bbox 872 2430 1057 2495; x_wconf 87' lang='lat' dir='ltr'>quae</span> <span class='ocrx_word' id='word_1_105' title='bbox 1105 2414 1196 2477; x_wconf 86' lang='lat' dir='ltr'>sit</span> <span class='ocrx_word' id='word_1_106' title='bbox 1243 2418 1388 2477; x_wconf 87' lang='lat' dir='ltr'>tua.</span> 
     </span>
    </p>

    <p class='ocr_par' dir='ltr' id='par_1_8' title="bbox 436 2507 2492 2789">
     <span class='ocr_line' id='line_1_18' title="bbox 526 2507 2491 2592; baseline -0.001 -21"><span class='ocrx_word' id='word_1_107' title='bbox 526 2508 754 2575; x_wconf 83' lang='lat' dir='ltr'>Al—</span> <span class='ocrx_word' id='word_1_108' title='bbox 791 2508 974 2592; x_wconf 84' lang='lat' dir='ltr'>Quid</span> <span class='ocrx_word' id='word_1_109' title='bbox 1023 2515 1098 2575; x_wconf 90' lang='lat' dir='ltr'>tu</span> <span class='ocrx_word' id='word_1_110' title='bbox 1145 2514 1262 2573; x_wconf 83' lang='lat' dir='ltr'>aut</span> <span class='ocrx_word' id='word_1_111' title='bbox 1310 2530 1406 2573; x_wconf 87' lang='lat' dir='ltr'>me</span> <span class='ocrx_word' id='word_1_112' title='bbox 1459 2509 1817 2573; x_wconf 72' lang='lat' dir='ltr'>sollicitum</span> <span class='ocrx_word' id='word_1_113' title='bbox 1870 2514 1986 2571; x_wconf 81' lang='lat' dir='ltr'>aut</span> <span class='ocrx_word' id='word_1_114' title='bbox 2046 2508 2221 2572; x_wconf 76' lang='lat' dir='ltr'>male</span> <span class='ocrx_word' id='word_1_115' title='bbox 2285 2507 2491 2585; x_wconf 77' lang='lat' dir='ltr'>habet,</span> 
     </span>
     <span class='ocr_line' id='line_1_19' title="bbox 438 2607 2492 2691; baseline -0 -19"><span class='ocrx_word' id='word_1_116' title='bbox 438 2608 862 2691; x_wconf 70' lang='lat' dir='ltr'>loquerisP...</span> <span class='ocrx_word' id='word_1_117' title='bbox 911 2607 1095 2690; x_wconf 87' lang='lat' dir='ltr'>Quin</span> <span class='ocrx_word' id='word_1_118' title='bbox 1151 2609 1449 2690; x_wconf 86' lang='lat' dir='ltr'>cruciat,</span> <span class='ocrx_word' id='word_1_119' title='bbox 1500 2612 1803 2690; x_wconf 86' lang='lat' dir='ltr'>torquet,</span> <span class='ocrx_word' id='word_1_120' title='bbox 1868 2612 2111 2689; x_wconf 82' lang='lat' dir='ltr'>vexat,</span> <span class='ocrx_word' id='word_1_121' title='bbox 2172 2608 2492 2671; x_wconf 89' lang='lat' dir='ltr'>animum</span> 
     </span>
     <span class='ocr_line' id='line_1_20' title="bbox 436 2708 1028 2789; baseline 0 -18"><span class='ocrx_word' id='word_1_122' title='bbox 436 2708 667 2789; x_wconf 90' lang='lat' dir='ltr'>ipsum</span> <span class='ocrx_word' id='word_1_123' title='bbox 719 2708 1028 2772; x_wconf 89' lang='lat' dir='ltr'>conficit.</span> 
     </span>
    </p>

    <p class='ocr_par' dir='ltr' id='par_1_9' title="bbox 526 2803 2151 2871">
     <span class='ocr_line' id='line_1_21' title="bbox 526 2803 2151 2871; baseline 0 -3"><span class='ocrx_word' id='word_1_124' title='bbox 526 2806 686 2871; x_wconf 81' lang='lat' dir='ltr'>Par.</span> <span class='ocrx_word' id='word_1_125' title='bbox 721 2842 806 2851; x_wconf 90' lang='lat'>-—</span> <span class='ocrx_word' id='word_1_126' title='bbox 839 2806 1027 2870; x_wconf 87' lang='lat' dir='ltr'>Mali&#39;</span> <span class='ocrx_word' id='word_1_127' title='bbox 1064 2824 1154 2870; x_wconf 89' lang='lat' dir='ltr'>ne</span> <span class='ocrx_word' id='word_1_128' title='bbox 1201 2810 1483 2870; x_wconf 91' lang='lat' dir='ltr'>tantum</span> <span class='ocrx_word' id='word_1_129' title='bbox 1532 2823 1623 2869; x_wconf 87' lang='lat' dir='ltr'>ex</span> <span class='ocrx_word' id='word_1_130' title='bbox 1670 2809 1742 2869; x_wconf 92' lang='lat' dir='ltr'>te</span> <span class='ocrx_word' id='word_1_131' title='bbox 1789 2805 1997 2870; x_wconf 88' lang='lat' dir='ltr'>audio</span> <span class='ocrx_word' id='word_1_132' title='bbox 2023 2803 2151 2869; x_wconf 64' lang='lat'>⁴2²1...</span> 
     </span>
    </p>

    <p class='ocr_par' dir='ltr' id='par_1_10' title="bbox 434 2900 2496 3279">
     <span class='ocr_line' id='line_1_22' title="bbox 527 2900 2495 2985; baseline -0.001 -18"><span class='ocrx_word' id='word_1_133' title='bbox 527 2900 638 2969; x_wconf 88' lang='lat' dir='ltr'>AI.</span> <span class='ocrx_word' id='word_1_134' title='bbox 673 2940 758 2950; x_wconf 91' lang='lat'>—</span> <span class='ocrx_word' id='word_1_135' title='bbox 793 2903 1161 2968; x_wconf 87' lang='lat' dir='ltr'>Summum</span> <span class='ocrx_word' id='word_1_136' title='bbox 1203 2904 1489 2985; x_wconf 89' lang='lat' dir='ltr'>quidem</span> <span class='ocrx_word' id='word_1_137' title='bbox 1540 2902 1843 2967; x_wconf 84' lang='lat' dir='ltr'>malum!</span> <span class='ocrx_word' id='word_1_138' title='bbox 1876 2902 1989 2966; x_wconf 90' lang='lat' dir='ltr'>An</span> <span class='ocrx_word' id='word_1_139' title='bbox 2026 2920 2166 2967; x_wconf 90' lang='lat' dir='ltr'>non</span> <span class='ocrx_word' id='word_1_140' title='bbox 2200 2908 2273 2967; x_wconf 90' lang='lat' dir='ltr'>et</span> <span class='ocrx_word' id='word_1_141' title='bbox 2302 2919 2495 2967; x_wconf 88' lang='lat' dir='ltr'>sum-</span> 
     </span>
     <span class='ocr_line' id='line_1_23' title="bbox 437 2998 2489 3084; baseline -0.001 -17"><span class='ocrx_word' id='word_1_142' title='bbox 437 3020 634 3067; x_wconf 89' lang='lat' dir='ltr'>mum</span> <span class='ocrx_word' id='word_1_143' title='bbox 698 3006 769 3066; x_wconf 90' lang='lat' dir='ltr'>et</span> <span class='ocrx_word' id='word_1_144' title='bbox 815 3002 1178 3084; x_wconf 89' lang='lat' dir='ltr'>publicum</span> <span class='ocrx_word' id='word_1_145' title='bbox 1229 3002 1356 3066; x_wconf 90' lang='lat' dir='ltr'>tibi</span> <span class='ocrx_word' id='word_1_146' title='bbox 1406 3001 1738 3066; x_wconf 88' lang='lat' dir='ltr'>videatur</span> <span class='ocrx_word' id='word_1_147' title='bbox 1786 3000 2057 3073; x_wconf 88' lang='lat' dir='ltr'>malum</span> <span class='ocrx_word' id='word_1_148' title='bbox 2077 2998 2174 3065; x_wconf 84' lang='lat'>‘?...</span> <span class='ocrx_word' id='word_1_149' title='bbox 2223 3018 2489 3083; x_wconf 89' lang='lat' dir='ltr'>senem,</span> 
     </span>
     <span class='ocr_line' id='line_1_24' title="bbox 434 3098 2496 3181; baseline -0.001 -18"><span class='ocrx_word' id='word_1_150' title='bbox 434 3099 507 3163; x_wconf 88' lang='lat' dir='ltr'>in</span> <span class='ocrx_word' id='word_1_151' title='bbox 559 3117 698 3181; x_wconf 90' lang='lat' dir='ltr'>quo</span> <span class='ocrx_word' id='word_1_152' title='bbox 746 3104 1025 3164; x_wconf 89' lang='lat' dir='ltr'>tantum</span> <span class='ocrx_word' id='word_1_153' title='bbox 1083 3099 1367 3181; x_wconf 88' lang='lat' dir='ltr'>publice</span> <span class='ocrx_word' id='word_1_154' title='bbox 1430 3098 1819 3181; x_wconf 89' lang='lat' dir='ltr'>repositum</span> <span class='ocrx_word' id='word_1_155' title='bbox 1884 3101 2071 3161; x_wconf 89' lang='lat' dir='ltr'>esset</span> <span class='ocrx_word' id='word_1_156' title='bbox 2131 3103 2285 3161; x_wconf 91' lang='lat' dir='ltr'>tum</span> <span class='ocrx_word' id='word_1_157' title='bbox 2346 3098 2496 3179; x_wconf 92' lang='lat' dir='ltr'>opi-</span> 
     </span>
     <span class='ocr_line' id='line_1_25' title="bbox 435 3194 2259 3279; baseline -0.001 -18"><span class='ocrx_word' id='word_1_158' title='bbox 435 3198 668 3261; x_wconf 91' lang='lat' dir='ltr'>nionis</span> <span class='ocrx_word' id='word_1_159' title='bbox 715 3202 865 3262; x_wconf 91' lang='lat' dir='ltr'>tum</span> <span class='ocrx_word' id='word_1_160' title='bbox 915 3197 1088 3279; x_wconf 89' lang='lat' dir='ltr'>spei,</span> <span class='ocrx_word' id='word_1_161' title='bbox 1137 3196 1455 3279; x_wconf 89' lang='lat' dir='ltr'>coepisse</span> <span class='ocrx_word' id='word_1_162' title='bbox 1502 3196 1644 3263; x_wconf 90' lang='lat' dir='ltr'>iam</span> <span class='ocrx_word' id='word_1_163' title='bbox 1697 3194 2259 3277; x_wconf 76' lang='lat' dir='ltr'>repuerascere?</span> 
     </span>
    </p>

    <p class='ocr_par' dir='ltr' id='par_1_11' title="bbox 522 3293 1732 3379">
     <span class='ocr_line' id='line_1_26' title="bbox 522 3293 1732 3379; baseline 0.002 -23"><span class='ocrx_word' id='word_1_164' title='bbox 522 3294 680 3359; x_wconf 82' lang='lat' dir='ltr'>Par.</span> <span class='ocrx_word' id='word_1_165' title='bbox 717 3332 800 3379; x_wconf 47' lang='grc' dir='ltr'>ε-</span> <span class='ocrx_word' id='word_1_166' title='bbox 836 3293 1067 3376; x_wconf 79' lang='lat' dir='ltr'>Quid?</span> <span class='ocrx_word' id='word_1_167' title='bbox 1112 3296 1732 3377; x_wconf 68' lang='lat' dir='ltr'>repuerasceret...</span> 
     </span>
    </p>

    <p class='ocr_par' dir='ltr' id='par_1_12' title="bbox 433 3389 2499 3866">
     <span class='ocr_line' id='line_1_27' title="bbox 523 3389 2496 3475; baseline 0 -20"><span class='ocrx_word' id='word_1_168' title='bbox 523 3389 634 3457; x_wconf 78' lang='lat' dir='ltr'>Al.</span> <span class='ocrx_word' id='word_1_169' title='bbox 665 3428 756 3439; x_wconf 90' lang='lat'>—-</span> <span class='ocrx_word' id='word_1_170' title='bbox 785 3394 898 3457; x_wconf 88' lang='lat' dir='ltr'>An</span> <span class='ocrx_word' id='word_1_171' title='bbox 932 3412 1071 3458; x_wconf 90' lang='lat' dir='ltr'>non</span> <span class='ocrx_word' id='word_1_172' title='bbox 1121 3410 1418 3475; x_wconf 88' lang='lat' dir='ltr'>puerum</span> <span class='ocrx_word' id='word_1_173' title='bbox 1473 3393 1599 3458; x_wconf 90' lang='lat' dir='ltr'>tibi</span> <span class='ocrx_word' id='word_1_174' title='bbox 1635 3394 1965 3457; x_wconf 88' lang='lat' dir='ltr'>videatur</span> <span class='ocrx_word' id='word_1_175' title='bbox 1997 3409 2219 3457; x_wconf 83' lang='lat' dir='ltr'>senex</span> <span class='ocrx_word' id='word_1_176' title='bbox 2250 3409 2496 3473; x_wconf 89' lang='lat' dir='ltr'>agere,</span> 
     </span>
     <span class='ocr_line' id='line_1_28' title="bbox 433 3489 2497 3573; baseline -0 -19"><span class='ocrx_word' id='word_1_177' title='bbox 433 3490 576 3573; x_wconf 89' lang='lat' dir='ltr'>qui,</span> <span class='ocrx_word' id='word_1_178' title='bbox 611 3508 837 3555; x_wconf 91' lang='lat' dir='ltr'>annos</span> <span class='ocrx_word' id='word_1_179' title='bbox 884 3491 1178 3556; x_wconf 78' lang='lat' dir='ltr'>circiter</span> <span class='ocrx_word' id='word_1_180' title='bbox 1219 3491 1601 3573; x_wconf 83' lang='lat' dir='ltr'>sexaginta</span> <span class='ocrx_word' id='word_1_181' title='bbox 1633 3495 1865 3572; x_wconf 81' lang='lat' dir='ltr'>natuS,</span> <span class='ocrx_word' id='word_1_182' title='bbox 1902 3490 2324 3572; x_wconf 85' lang='lat' dir='ltr'>magnisque</span> <span class='ocrx_word' id='word_1_183' title='bbox 2372 3489 2497 3553; x_wconf 86' lang='lat' dir='ltr'>ho-</span> 
     </span>
     <span class='ocr_line' id='line_1_29' title="bbox 435 3588 2493 3671; baseline -0.001 -18"><span class='ocrx_word' id='word_1_184' title='bbox 435 3589 726 3654; x_wconf 91' lang='lat' dir='ltr'>noribus</span> <span class='ocrx_word' id='word_1_185' title='bbox 771 3590 1079 3671; x_wconf 89' lang='lat' dir='ltr'>functus,</span> <span class='ocrx_word' id='word_1_186' title='bbox 1113 3590 1392 3655; x_wconf 90' lang='lat' dir='ltr'>asinum</span> <span class='ocrx_word' id='word_1_187' title='bbox 1443 3590 1577 3653; x_wconf 90' lang='lat' dir='ltr'>sibi</span> <span class='ocrx_word' id='word_1_188' title='bbox 1627 3607 1888 3671; x_wconf 88' lang='lat' dir='ltr'>magno</span> <span class='ocrx_word' id='word_1_189' title='bbox 1936 3588 2493 3671; x_wconf 87' lang='lat' dir='ltr'>comparaverit,</span> 
     </span>
     <span class='ocr_line' id='line_1_30' title="bbox 436 3684 2497 3769; baseline -0.001 -17"><span class='ocrx_word' id='word_1_190' title='bbox 436 3687 826 3769; x_wconf 89' lang='lat' dir='ltr'>sericisque</span> <span class='ocrx_word' id='word_1_191' title='bbox 873 3688 1254 3753; x_wconf 90' lang='lat' dir='ltr'>instratum</span> <span class='ocrx_word' id='word_1_192' title='bbox 1303 3688 1745 3751; x_wconf 84' lang='lat' dir='ltr'>ornamentis</span> <span class='ocrx_word' id='word_1_193' title='bbox 1792 3684 2245 3752; x_wconf 76' lang='lat' dir='ltr'>ascenderit?</span> <span class='ocrx_word' id='word_1_194' title='bbox 2278 3690 2497 3768; x_wconf 88' lang='lat' dir='ltr'>atque</span> 
     </span>
     <span class='ocr_line' id='line_1_31' title="bbox 436 3784 2499 3866; baseline -0 -18"><span class='ocrx_word' id='word_1_195' title='bbox 436 3788 693 3849; x_wconf 87' lang='lat' dir='ltr'>aurato</span> <span class='ocrx_word' id='word_1_196' title='bbox 740 3785 966 3866; x_wconf 88' lang='lat' dir='ltr'>freno,</span> <span class='ocrx_word' id='word_1_197' title='bbox 1000 3786 1271 3850; x_wconf 85' lang='lat' dir='ltr'>auratis</span> <span class='ocrx_word' id='word_1_198' title='bbox 1317 3785 1637 3863; x_wconf 89' lang='lat' dir='ltr'>habenis,</span> <span class='ocrx_word' id='word_1_199' title='bbox 1671 3785 2061 3849; x_wconf 83' lang='lat' dir='ltr'>versiculos</span> <span class='ocrx_word' id='word_1_200' title='bbox 2107 3784 2325 3848; x_wconf 89' lang='lat' dir='ltr'>etiam</span> <span class='ocrx_word' id='word_1_201' title='bbox 2375 3801 2499 3847; x_wconf 89' lang='lat' dir='ltr'>ne-</span> 
     </span>
    </p>
   </div>
   <div class='ocr_carea' id='block_1_8' title="bbox 2824 211 2829 730">
    <p class='ocr_par' dir='ltr' id='par_1_13' title="bbox 2824 211 2829 730">
     <span class='ocr_line' id='line_1_32' title="bbox 2824 211 2829 730; baseline 0 0"><span class='ocrx_word' id='word_1_202' title='bbox 2824 211 2829 730; x_wconf 95' lang='lat' dir='ltr'> </span> 
     </span>
    </p>
   </div>
   <div class='ocr_carea' id='block_1_9' title="bbox 2823 1333 2828 2017">
    <p class='ocr_par' dir='ltr' id='par_1_14' title="bbox 2823 1333 2828 2017">
     <span class='ocr_line' id='line_1_33' title="bbox 2823 1333 2828 2017; baseline 0 0"><span class='ocrx_word' id='word_1_203' title='bbox 2823 1333 2828 2017; x_wconf 95' lang='lat' dir='ltr'> </span> 
     </span>
    </p>
   </div>
   <div class='ocr_carea' id='block_1_10' title="bbox 2805 3368 2827 3405">
    <p class='ocr_par' dir='ltr' id='par_1_15' title="bbox 2805 3368 2827 3405">
     <span class='ocr_line' id='line_1_34' title="bbox 2805 3368 2827 3405; textangle 90"><span class='ocrx_word' id='word_1_204' title='bbox 2805 3368 2827 3405; x_wconf 62' lang='grc' dir='ltr'><strong>Α</strong></span> 
     </span>
    </p>
   </div>
  </div>
 </body>
</html>
