2844 4375
455 218 541 282 70
1303 231 1643 284 PonTAno

452 360 816 442 agitatio...
853 360 963 424 An
996 359 1299 424 fortasse
1332 359 1664 424 titillatus
1710 360 1862 441 ipse
1895 365 1966 424 te
2012 361 2207 444 cepit
2225 360 2321 426 ?...
2355 361 2512 428 Hoc

449 459 628 523 illud
653 463 780 538 est,
808 475 971 522 mea
997 459 1379 522 animula...
1405 457 1673 522 Verum
1710 476 1841 540 ego
1868 460 2079 541 longe
2107 465 2177 522 te
2200 459 2511 541 ineptior

449 575 628 637 sum,
679 557 798 639 qui
845 575 986 620 non
1035 573 1081 620 a
1127 557 1367 638 capite
1413 557 1723 621 loturam
1780 559 2162 639 coeperim.
2212 557 2510 623 Sensisti

450 660 769 739 erratum
790 674 872 735 3...
905 655 1074 718 hinc
1129 655 1298 718 mihi
1347 658 1569 736 caput
1614 655 1883 734 obiicis,
1932 655 2102 718 hinc
2165 657 2511 721 auriculis

449 754 698 818 micas.
748 753 967 834 Euge,
1014 752 1486 834 lepidissime!
1536 757 1613 816 ut
1658 757 1731 816 te
1779 753 2093 817 delectat
2139 753 2512 836 tepidula‘?

447 856 527 916 ut
587 851 825 917 frictio
873 855 1020 914 tam
1070 851 1348 914 minuta
1393 853 1467 914 et
1513 851 1697 914 lenis
1714 850 1811 916 ἱ)...
1860 851 2068 918 Nunc
2130 871 2244 916 me
2308 853 2503 934 beas,

448 951 615 1014 dum
666 951 914 1014 dentes
960 949 1354 1031 restringiS,
1401 950 1570 1014 dum
1621 951 2141 1016 morsiunculas
2194 957 2343 1016 tam
2394 969 2508 1015 ur-

447 1049 678 1118 banas
722 1048 974 1112 ludis...
1008 1047 1278 1131 Apage,
1326 1049 1595 1130 apage!
1646 1048 1914 1112 animal
1971 1049 2507 1132 inertissimum,

447 1144 750 1210 bestiam
822 1145 1380 1226 ingratissimam
1403 1146 1485 1209 1...
1552 1143 1650 1209 Ut
1720 1147 1893 1210 mihi
1957 1163 2140 1228 pene
2213 1165 2507 1210 manum

451 1247 828 1326 utramque
860 1244 1210 1308 morsibus
1242 1244 1655 1325 abripuitl...
1692 1249 1769 1308 ut
1802 1263 1915 1308 me
1947 1251 2095 1309 tam
2131 1245 2508 1309 obfirmato

446 1341 686 1423 capite
749 1359 1162 1423 percussum
1227 1342 1298 1406 in
1365 1347 1634 1406 terram
1685 1345 1902 1425 atque
1956 1343 2027 1406 in
2091 1343 2319 1407 lutum
2384 1361 2508 1406 ex-

446 1439 667 1502 cussit
687 1441 768 1504 1...
817 1439 1218 1504 Arbuscula
1273 1440 1457 1504 haec
1505 1440 1629 1504 vix
1692 1441 2051 1522 praesidio
2114 1441 2287 1506 mihi
2348 1441 2507 1522 fuit,

445 1539 822 1620 quominus
883 1543 1188 1602 stratum
1253 1556 1368 1601 me
1432 1543 1645 1620 atque
1706 1539 1904 1603 humi
1968 1541 2389 1604 iacentem...
2432 1543 2507 1604 et

444 1636 743 1718 pedibus
777 1636 1254 1701 inculcaverit
1283 1641 1357 1699 et
1396 1637 1717 1701 calcibus
1748 1641 1973 1701 totum
2008 1637 2503 1718 diffregeritl...

445 1733 695 1816 Apage
758 1739 848 1816 te,
897 1734 1198 1798 bestiam
1267 1734 1775 1816 nequissimam
1798 1737 1878 1799 l...
1915 1735 2070 1800 Hoc
2130 1735 2266 1799 hoc
2328 1735 2504 1799 illud

445 1837 616 1897 est...
667 1832 898 1896 Tarde
957 1832 1136 1897 illud
1199 1833 1414 1896 didici
1480 1851 1704 1897 senex
1766 1834 2231 1914 improvidUS,
2291 1833 2505 1898 homo

443 1929 737 1994 minime
800 1930 1327 1995 consideratus!
1386 1929 1543 1994 Hoc
1590 1931 1724 1994 hoc
1771 1931 1949 1994 illud
2010 1935 2137 2012 est,
2186 1930 2501 2013 inquam,

440 2026 619 2092 illud
665 2045 879 2110 quam
933 2029 1552 2110 usurpatissimum
1592 2055 1621 2084 ι
1652 2029 1841 2090 asino
1879 2028 2219 2110 caputque·
2264 2028 2501 2106 lavent,

439 2144 544 2187 eos
591 2145 854 2207 operam
902 2146 1049 2189 cum
1095 2145 1334 2207 sapone
1379 2125 1740 2191 amittere...
1776 2130 1835 2189 et
1880 2127 1954 2189 in
2000 2126 2267 2190 asinum
2318 2125 2505 2191 abire

442 2224 559 2305 qui
603 2224 793 2293 asino
836 2224 1188 2289 delectetur
1217 2252 1279 2288 ».
1315 2224 1669 2306 Quocirca
1714 2225 1981 2290 frustra
2024 2244 2137 2317 me
2180 2231 2251 2290 et
2282 2243 2501 2308 opera

441 2326 517 2387 et
576 2327 899 2405 sumptus
960 2324 1227 2387 habuit.
1277 2324 1448 2388 Sero
1502 2324 1638 2388 hoc
1686 2324 1939 2404 didici3
2006 2324 2210 2388 iuvat
2256 2330 2500 2389 tamen

444 2422 774 2502 exemplo
821 2423 973 2503 ipso
1023 2422 1198 2485 alios
1246 2422 1789 2487 commonuisse.
1838 2420 1947 2487 Oh
2007 2422 2213 2503 asini,
2262 2423 2501 2487 valete

442 2517 626 2581 iam!
675 2520 916 2583 valete
965 2520 1262 2601 posthac
1307 2520 1465 2602 ipsa
1512 2538 1673 2585 cum
1724 2520 2040 2585 Arcadia
2087 2520 2303 2590 asini!

1373 2707 1571 2773 VIII.

971 2858 1232 2922 Faselio
1277 2858 1565 2936 villicus,
1612 2860 1970 2924 Pomanus.

529 3008 682 3073 Fae.
716 3044 806 3055 --
835 3008 1036 3091 Quod
1098 3010 1252 3076 sine
1303 3012 1452 3075 ulla
1497 3013 1622 3075 fiat
1670 3012 1921 3076 fraude
1978 3029 2278 3094 meoque
2340 3028 2501 3093 per-

441 3124 704 3189 magno
751 3125 914 3172 cum
965 3110 1357 3189 commode,
1393 3127 1631 3173 meum
1682 3110 1853 3173 mihi
1903 3128 2161 3174 nomen
2211 3109 2497 3190 mutari,

440 3204 634 3286 here,
683 3205 958 3287 cupi0...
994 3207 1223 3288 deque
1271 3206 1647 3270 Faselione
1694 3207 1846 3271 fieri
1898 3206 2177 3271 Caselio
2224 3207 2408 3271 volo,

532 3303 719 3367 Pont.
746 3340 830 3349 -—-
867 3303 1200 3369 Delectat
1233 3323 1347 3369 me
1381 3305 1629 3387 utique
1660 3306 1968 3370 nominis
2000 3306 2497 3386 commutati03

433 3403 671 3482 teque,
692 3406 770 3465 ut
794 3403 883 3466 de
910 3420 1153 3467 marra
1178 3404 1572 3485 rastrisque
1591 3402 2133 3484 benemeritam,
2152 3404 2494 3468 donatum

437 3516 716 3582 quoque
781 3500 1154 3565 Parmensi
1212 3502 1335 3566 illo
1397 3520 1611 3566 caseo
1674 3508 2052 3584 pervetere
2100 3507 2172 3567 et
2218 3502 2497 3584 grandi,

434 3598 721 3663 salvere
757 3597 1202 3664 Caselionem
1236 3600 1464 3665 iubeo.
1506 3599 1709 3682 Vale,
1744 3598 2023 3666 Caselio
2056 3602 2237 3665 iam!
2270 3601 2497 3681 salve,

439 3693 754 3761 Oaselio!
806 3698 1252 3779 multumque
1300 3715 1388 3763 ac
1437 3698 1558 3763 diu
1605 3699 1829 3763 salve.

527 3790 680 3857 Fas.
714 3828 802 3839 —
834 3793 984 3859 Nec
1031 3812 1146 3858 me
1195 3796 1378 3860 dono
1426 3797 1578 3878 ipso
1624 3797 2019 3880 indignum,
2049 3797 2242 3878 here,
2290 3797 2495 3877 duco,
