2844 4375
450 170 538 235 50
1309 185 1645 236 PONTANO

538 311 680 379 Act.
715 349 806 360 -
836 312 1061 395 Quem
1108 331 1266 378 sese
1313 314 1541 398 egerit
1587 314 1744 396 ipsa
1790 331 1907 378 res
1954 314 2198 395 docet;
2244 331 2499 396 pacem

449 413 662 496 enim,
697 412 1082 478 obsistente
1114 411 1603 477 cardinalium
1637 413 1962 495 collegio,
1989 413 2245 495 quibus
2276 413 2503 478 voluit

448 511 972 575 conditionibus
1019 510 1340 593 perfecit.
1375 511 1695 575 Miser-ati
1727 527 1944 592 saepe
1974 529 2220 575 sumus
2254 528 2499 576 senem

447 609 822 691 languenti
854 625 1174 691 corpore,
1209 609 1461 672 mediis
1493 607 1761 690 diebus,
1802 609 2301 674 ardentissimo
2330 609 2499 689 sole,

447 724 577 789 per
607 707 1218 789 frequentissimos
1250 707 1586 785 latroneS,
1621 707 1875 788 quibus
1906 707 2168 771 itinera
2198 707 2503 772 circum-

447 822 643 870 sessa
675 811 900 883 erant,
935 822 1128 868 nunc
1166 822 1256 868 ex
1305 803 1500 870 Urbe
1532 804 1625 869 ad
1656 805 2095 887 Alphonsum
2132 805 2204 868 in
2236 809 2499 884 castra,

449 921 640 968 nunc
687 921 727 968 e
773 903 1029 968 castris
1069 903 1162 966 ad
1211 903 1711 967 Innocentium
1743 902 2042 967 Romam
2092 920 2499 986 properare,

447 1005 546 1082 ut,
581 1001 699 1082 qui
731 999 934 1065 illum
983 1000 1478 1082 sequebamur,
1514 1001 1602 1065 de
1649 994 1839 1065 senis
1878 1001 2032 1064 vita
2082 1006 2320 1066 actum
2355 1002 2500 1066 iam

445 1100 522 1163 in
591 1099 912 1180 singulas
980 1116 1199 1180 prope
1260 1098 1475 1162 horas
1539 1099 1907 1162 nobiscum
1976 1099 2113 1181 ipsi
2182 1099 2500 1163 dolentes

446 1213 930 1280 quereremur.
982 1195 1256 1278 Itaque,
1306 1196 1754 1278 diligentiam
1821 1197 1882 1260 si
1929 1197 2275 1279 requiras,
2326 1196 2501 1262 nihil

447 1295 570 1359 illo
601 1294 821 1358 etiam
871 1294 962 1358 ad
1010 1295 1310 1358 minima
1355 1311 1684 1376 quaeque
1720 1299 2081 1358 momenta
2122 1295 2499 1376 attentius;

445 1393 504 1457 si
553 1392 1030 1474 prudentiam,
1080 1392 1258 1456 nihil
1305 1393 1596 1456 omnino
1644 1393 2197 1474 consideratius;
2251 1396 2326 1456 ut
2373 1411 2514 1457 non

446 1490 654 1554 modo
733 1489 1043 1566 laudem,
1116 1506 1370 1554 verum
1447 1507 1801 1553 summam
1880 1489 2012 1554 sibi
2090 1491 2499 1573 principum

445 1588 813 1652 hominum
861 1587 1435 1668 admirationem,
1470 1605 1634 1652 cum
1675 1606 1943 1670 magna
1990 1589 2210 1652 etiam
2258 1588 2501 1671 populi

447 1685 747 1751 Romani
795 1684 1321 1767 benevolentia,
1369 1686 1797 1751 conciliarit.

537 1881 691 1946 Par.
724 1918 815 1928 —
852 1881 1006 1946 Non
1072 1882 1377 1964 videtur,
1440 1882 1513 1946 in
1586 1887 1736 1946 tam
1806 1883 2013 1947 brevi
2073 1883 2499 1964 praesertim

446 1980 699 2062 spatio,
763 1985 1022 2061 parata
1084 1995 1238 2044 esse
1302 1980 1613 2061 potuisse
1678 1980 1921 2068 aliqua
1984 1980 2076 2044 ad
2140 1980 2503 2045 deliratio-

446 2096 610 2141 nem
661 2078 803 2142 via.
2237 2087 2241 2091 ’

534 2172 672 2240 Alc.
706 2212 790 2221 -—
824 2173 1044 2256 Quae,
1093 2174 1409 2257 obsecro,
1452 2175 1526 2240 in
1574 2175 1833 2240 itinere
1880 2181 2097 2259 atque
2144 2176 2214 2239 in
2265 2176 2499 2240 reditu

443 2274 596 2339 eius
643 2272 1131 2338 consuetudo?
1177 2274 1298 2355 qui
1348 2274 1568 2338 etiam
1616 2291 1983 2339 sermones
2022 2273 2281 2338 erant?

533 2368 676 2435 Act.
712 2408 797 2416 —-
829 2370 1279 2436 Consuetudo
1342 2372 1577 2454 qualis
1625 2373 1935 2437 antehac
1998 2389 2281 2453 semper
2346 2372 2496 2452 fuit,

443 2471 746 2534 multum
808 2470 1194 2551 cogitandi,
1243 2469 1555 2551 plurima
1621 2489 1865 2535 secum
1912 2472 1987 2534 in
2050 2472 2289 2536 animo
2351 2471 2501 2535 vol-

445 2570 696 2646 vendi;
774 2586 1007 2651 neque
1084 2568 1271 2633 enim
1352 2574 1633 2651 tempus
1712 2569 1933 2633 ullum
2012 2570 2159 2634 labi
2234 2569 2499 2633 frustra

441 2666 868 2749 patiebatur.
903 2666 1078 2730 Erat
1111 2666 1238 2747 illi,
1272 2672 1433 2749 post
1481 2667 1664 2731 alias
1712 2672 1927 2749 atque
1976 2666 2159 2731 alias
2197 2666 2500 2749 publicis

443 2766 532 2829 de
580 2765 791 2829 rebus
851 2766 1344 2848 cogitationes,
1392 2766 1467 2829 in
1516 2783 1639 2853 ore
1707 2764 2031 2830 Urania...
2064 2766 2250 2847 quod
2316 2783 2359 2828 a
2420 2782 2498 2829 se

443 2864 756 2928 nondum
803 2864 1158 2946 perpolita
1206 2870 1413 2943 esset,
1464 2882 1695 2947 neque
1722 2900 1806 2910 ——-
1834 2865 1934 2927 uti
1981 2880 2499 2945 saepenumero

441 2963 660 3026 etiam
732 2962 1166 3044 querebatur
1212 2997 1302 3007 -—
1347 2966 1474 3026 aut
1551 2962 1893 3045 capillum
1971 2962 2155 3026 bene
2226 2961 2495 3025 cultum

441 3062 761 3141 haberet,
811 3066 936 3125 aut
997 3060 1256 3125 faciem
1304 3062 1715 3143 puellarem·
1756 3062 1849 3125 ad
1896 3065 2260 3142 comptum
2326 3060 2501 3123 satis

442 3164 826 3236 extorsam,
854 3176 1199 3241 quaeque,
1227 3158 1315 3222 ad
1349 3157 1848 3240 Hymenaeum
1875 3162 2157 3239 vocata,
2186 3157 2498 3221 nondum

443 3258 735 3337 dignam
786 3256 1051 3337 nuptiis
1098 3261 1372 3320 vestem
1421 3260 1549 3321 aut
1595 3257 1887 3338 dignum
1931 3256 2253 3320 Talassio
2302 3273 2503 3319 mun-

443 3354 609 3418 dum
660 3354 1025 3417 induisset.

531 3450 690 3515 Par.
726 3488 808 3498 —
843 3450 1130 3516 Nullum
1165 3452 1536 3533 hactenus,
1566 3458 1643 3517 ut
1666 3452 1916 3535 sentio,
1942 3449 2500 3533 repuerascendi
2585 3522 2590 3527 ,

444 3568 501 3613 s]
559 3568 749 3614 num.

509 3568 678 3712 gAct.
711 3684 797 3695 —-
943 3646 1316 3711 Sermones
1371 3651 1636 3729 autem,
1686 3650 1843 3729 post
1889 3651 2275 3712 concoctae
2336 3645 2501 3710 illas

443 3746 704 3809 mentis
775 3745 1227 3827 agitationeS,
1275 3750 1485 3809 erant
1554 3764 1770 3827 quam
1843 3745 2357 3825 iucundissimi,
2422 3748 2501 3808 ut
