2844 4375
459 207 547 273 34
1312 225 1650 276 ΡΟΝΤΑΝΟ
1744 250 1753 256 -

457 351 731 416 Aurum
779 353 1097 434 profecto
1144 352 1743 435 liquentissimum
1777 353 2017 436 digitis
2058 358 2331 420 teneo...
2367 355 2506 420 Fu-

457 451 589 515 sile
636 451 923 532 quidem
968 450 1106 515 hoc
1138 454 1266 532 est,
1300 454 1372 514 et
1417 450 1783 532 potatile...
1818 457 1896 515 ut
1926 452 2209 517 dicunt!
2250 452 2504 518 Label-

455 549 711 614 lantim
783 548 1102 630 profecto
1172 550 1455 629 ducam,
1526 567 1666 613 non
1740 568 1879 614 uno
1938 550 2219 615 haustu.
2284 551 2503 634 Euge,

459 647 727 712 Bacchi
760 647 1262 712 delicioluml...
1305 647 1568 712 Anima
1601 649 1774 713 mihi
1805 649 1961 730 ipsa
1993 650 2501 731 congeminata

457 750 567 810 est
613 745 880 810 olfactu
929 746 1142 810 so10...
1192 745 1426 809 Viden
1482 750 1561 809 ut
1606 746 1838 827 ipsum
1888 765 2140 811 aurum
2190 749 2502 813 aurescit

455 844 528 908 in
594 841 968 924 cyatho?...
1018 843 1282 908 Anima
1345 843 1517 907 mihi
1563 844 1721 926 ipsa
1773 844 2197 928 triqeminata
2252 849 2359 909 est
2398 848 2502 911 la-

455 940 730 1005 bellatu
778 959 981 1006 uno...

555 1039 621 1103 C.
657 1074 744 1086 —
774 1039 1009 1120 Salve,
1058 1039 1157 1103 mi
1205 1037 1604 1121 Geryones!
1667 1042 1891 1120 salve,
1938 1040 2193 1123 hospes
2255 1043 2501 1107 Atlan-

455 1138 633 1203 tice!

557 1234 630 1300 V.
662 1271 751 1282 —
783 1235 967 1318 Quid
1016 1236 1275 1300 mirum
1320 1237 1681 1319 triplicem
1731 1255 1845 1302 me
1891 1237 2185 1321 factum,
2228 1240 2287 1304 si
2322 1238 2502 1305 Cen-

454 1335 846 1400 tauresium
895 1333 1269 1416 potito?!...
1311 1335 1371 1398 si
1435 1340 1633 1399 tuum
1698 1336 1886 1400 istud
1949 1337 2124 1401 mihi
2169 1354 2360 1420 penu
2406 1338 2501 1402 A-

454 1433 688 1497 tlanta
735 1440 843 1497 est
888 1433 1046 1515 ipsa
1092 1433 1220 1497 illa
1265 1433 1637 1497 beatorum
1687 1433 2008 1498 insula‘?!

553 1624 623 1694 C.
659 1665 742 1675 —
778 1629 889 1693 Ah
937 1628 1029 1694 ah
1079 1628 1198 1693 ah!
1248 1628 1573 1711 Delinge‚
1622 1629 1901 1712 amabe,
1936 1633 2009 1694 et
2047 1630 2247 1696 hoc...
2280 1630 2497 1704 (iniu-

454 1727 637 1792 riam
685 1728 897 1805 enim,
947 1727 1005 1791 si
1040 1727 1380 1808 hauseriS,
1413 1727 1677 1791 cadillo
1708 1727 2073 1808 feceris...)
2105 1732 2177 1793 et
2208 1729 2495 1811 quidem

451 1825 1051 1890 substrictissimis
1098 1824 1384 1889 labris..
1438 1824 1903 1888 Fastim‘anum
1948 1825 2084 1891 hoc
2124 1831 2319 1904 est...,
2354 1845 2499 1891 me-

451 1939 609 1986 rum
676 1923 961 2005 quidem
1025 1922 1623 1987 Fastinianuml...
1672 1923 2021 2005 reliquiae
2083 1942 2227 1988 non
2290 1926 2497 1990 modo

455 2020 684 2103 huiuS‚
717 2038 970 2085 verum
1019 2021 1234 2085 totius
1281 2019 1632 2103 Campani
1665 2021 2015 2102 penoris..
2047 2022 2304 2104 Itaque
2334 2023 2497 2087 sub-

451 2119 681 2183 libare
729 2125 800 2184 te
847 2119 1024 2183 illud
1072 2125 1144 2183 et
1191 2119 1476 2201 quidem
1524 2119 1997 2183 haustillatim
2046 2121 2230 2185 volo.

556 2217 626 2281 V.
663 2255 746 2264 -
779 2218 891 2282 An
939 2219 1121 2282 forte
1201 2219 1597 2282 verendum
1661 2225 1788 2297 est,
1848 2236 1938 2286 ne
2000 2219 2209 2284 hodie
2272 2219 2495 2284 Fasti-

451 2307 746 2380 nianu'm
798 2315 934 2381 hoc
972 2321 1171 2379 tuum
1208 2315 1408 2379 nobis
1464 2316 1801 2380 exhibeat
1857 2316 2286 2398 negocium?
2346 2316 2497 2381 Scis

454 2431 670 2495 quam
740 2413 913 2477 mihi
984 2431 1125 2478 non
1187 2414 1479 2495 placeat
1538 2411 1811 2497 fastus...
1869 2414 1960 2479 Et
2018 2415 2145 2479 hos
2209 2415 2494 2497 quidem

450 2529 708 2576 vereor
753 2511 1124 2576 Hibernici
1173 2513 1458 2594 generis
1504 2513 1827 2577 homines
1873 2513 2136 2577 fastum
2184 2513 2259 2577 in
2321 2531 2496 2578 naso

452 2610 572 2692 qui
620 2614 944 2692 gerunt...

546 2703 614 2773 0.
649 2744 734 2754 —
766 2708 958 2773 Nihil
1021 2708 1439 2774 Fastiniano
1500 2710 1635 2775 hoc
1699 2714 1819 2774 tuo
1880 2711 2086 2774 suavi
2150 2710 2495 2774 moratius

450 2812 578 2886 est,
634 2806 831 2871 rixas
895 2806 1155 2871 mirum
1218 2812 1324 2871 est
1387 2812 1829 2890 quantopere
1891 2808 2211 2874 fastidiat
2264 2807 2497 2872 somni

338 2952 343 2956 .
450 2904 668 2967 solius
700 2904 1035 2981 amicum,
1070 2909 1284 2986 atque
1315 2905 1994 2987 blandiloquentiae.
2028 2905 2186 2988 Sed,
2213 2905 2494 2987 amabO,

335 3016 340 3020 ·
452 3000 830 3066 Hibernini
876 3002 949 3066 hi
996 3002 1211 3067 sunt?

552 3097 622 3163 V.
655 3134 746 3146 —
775 3099 961 3182 Quin
992 3101 1245 3166 horum
1279 3102 1553 3185 aliquot
1583 3102 1823 3168 Scotia
1856 3119 2084 3185 nuper
2114 3103 2207 3166 ab
2243 3102 2496 3166 ultima

449 3196 746 3263 Romam
796 3200 1099 3265 devecti.

544 3292 615 3362 C.
651 3332 736 3345 ——
767 3297 1141 3380 Quaenam
1190 3300 1545 3364 adventus
1592 3298 1863 3364 causa?

550 3392 624 3459 V.
657 3430 748 3442 —
777 3395 1017 3461 Animi
1072 3396 1487 3479 pervicacia
1549 3397 1925 3481 quaedam,
1975 3398 2143 3461 dum
2206 3414 2492 3480 persua-

447 3494 618 3558 dere
663 3494 797 3558 sibi
844 3494 1040 3559 nullo
1087 3496 1296 3560 modo
1346 3502 1639 3577 possunt
1684 3496 2005 3561 Romano
2055 3494 2381 3560 Pontifici
2418 3493 2497 3558 li-

446 3590 655 3657 beros
717 3609 892 3657 esse.
957 3592 1210 3677 Itaque
1271 3594 1707 3659 invenerunt
1776 3593 2197 3659 Pontificem
2257 3594 2492 3674 ipsum

445 3689 575 3755 filii
636 3691 901 3772 nuptiis
964 3693 1495 3774 praesidentem
1558 3697 1811 3757 aurato
1873 3693 1948 3757 in
2011 3692 2210 3774 solie,
2264 3691 2489 3756 filiam

444 3805 618 3853 vero
646 3787 1003 3854 Romanas
1028 3790 1305 3872 puellas
1336 3789 1768 3856 invitantem
1800 3790 1893 3855 ad
1917 3790 2237 3873 choreaS,
2272 3794 2493 3872 atque
