2844 4375
372 195 378 201 ⁵
465 213 551 284 68
761 217 766 226 “
1320 197 1659 281 PoNTANo
1756 187 1763 192 ¹

461 378 803 444 pexorem
867 327 1579 441 obsequentissimum
1644 363 1793 423 tam
1853 358 2355 440 impudenter?
2400 360 2519 424 de-

462 459 920 523 blantitorem
970 461 1118 521 tam
1168 457 1483 539 lepidum
1532 475 1716 538 pene
1750 457 2077 522 mutilum
2110 457 2364 522 fecisse
2396 477 2521 522 na-

461 557 678 638 ribus,
713 560 919 621 tanta
960 573 1124 620 cum
1173 554 1672 637 pervicacia?!
1722 555 1877 619 Non
1914 555 2273 638 intellegis
2304 574 2521 638 quam

463 657 706 737 inique
768 672 813 719 a
874 660 946 719 te
1007 654 1280 719 factum
1342 654 1455 735 sit,
1505 671 1719 735 quam
1769 654 1989 720 etiarn
2038 653 2521 736 impotenter?
2584 697 2591 702 -

461 753 759 834 Amab0,
793 753 1096 818 deliciae
1130 769 1370 816 meae:
1407 769 1641 815 mores
1674 752 1845 815 istos
1876 752 2304 832 agrestiores
2336 769 2519 817 exue

464 857 680 932 atque
752 849 1170 914 urbaniores
1230 849 1510 912 indue...
1561 847 1743 929 Quid
1812 867 2110 934 puerum
2183 850 2520 931 pepulisti

464 950 593 1014 tibi
627 952 1002 1030 tantopere
1032 947 1577 1029 indulgentem?
1610 947 1949 1012 Abundas
1984 947 2161 1030 oci0,
2196 948 2522 1012 abundas

463 1048 792 1112 hordeo...
841 1046 1280 1110 ornamentis
1343 1046 1562 1109 etiam
1625 1045 1841 1128 regiis
1902 1045 2190 1110 nitesl...
2240 1045 2385 1110 Hos
2447 1050 2519 1110 te

465 1162 701 1209 mores
760 1144 1055 1208 induere
1106 1144 1346 1224 velim,
1394 1143 1584 1208 hanc
1630 1143 1803 1207 hero
1851 1144 2161 1225 gratiam
2226 1148 2329 1210 tot
2390 1161 2519 1225 pro

464 1241 831 1307 beneflciis
899 1241 1235 1307 referre...
1293 1240 1660 1305 Demisisti
1728 1246 2013 1324 caput...
2078 1239 2235 1306 heri
2304 1242 2521 1324 pedes

466 1340 865 1405 delinxisti:
898 1357 1088 1403 nunc
1124 1339 1295 1404 mihi
1342 1340 1610 1421 placeS,
1652 1339 1817 1404 dum
1854 1344 1924 1403 te
1958 1340 2323 1404 malefacti
2354 1357 2518 1422 poe-

465 1439 666 1520 nitet,
715 1439 883 1502 dum
947 1442 1349 1502 erratorum
1412 1438 1653 1519 pudet.
1708 1437 1864 1502 Hoc
1928 1443 2033 1503 est
2092 1456 2411 1520 sapere...
2442 1439 2517 1502 in

467 1536 842 1601 manifesto
912 1539 1212 1617 peccato
1282 1535 1531 1600 audire
1601 1536 2102 1617 institutorem,
2166 1554 2255 1600 ac
2323 1539 2523 1600 recte

468 1634 821 1698 monentis
867 1633 1274 1715 praeceptis
1319 1633 1838 1715 obtemperare.
1885 1634 2103 1715 Atqui
2151 1651 2283 1716 ego
2330 1639 2401 1698 te
2431 1669 2521 1680 —

465 1750 594 1814 pro
641 1731 1082 1814 poenitentia
1129 1731 1268 1795 ista
1315 1736 1441 1794 tua
1472 1767 1561 1778 -
1592 1731 1711 1795 vel
1756 1749 2026 1814 sapone
2090 1733 2307 1796 etiam
2358 1748 2520 1795 ara-

465 1830 646 1894 bicis
691 1829 1174 1893 odoramentis
1219 1829 1507 1893 condito
1569 1833 1797 1894 totum
1844 1830 2253 1912 perluerim,
2302 1833 2521 1912 caput

467 1933 540 1992 et
586 1929 802 2010 pedes
833 1927 1159 1991 laverim.
1210 1927 1503 1991 Pelvem
1558 1927 1809 1992 afferte
1829 1928 1910 1992 1...
1942 1929 2018 1991 in
2068 1945 2297 2009 eaque
2345 1927 2521 2009 tepi-

466 2026 863 2090 diusculam
929 2025 1333 2108 plurimam,
1382 2031 1662 2106 myrteo
1725 2043 1889 2090 cum
1954 2024 2226 2108 liquore
2290 2025 2522 2090 arabi-

465 2127 710 2209 cisque
743 2125 1237 2206 condimentis,
1273 2124 1525 2207 quibus
1573 2141 1773 2189 meas
1813 2125 2094 2190 delitias
2128 2141 2325 2190 more
2361 2142 2518 2189 meo

466 2226 876 2307 inungam...
917 2224 1111 2288 Bene
1171 2224 1422 2287 habet:
1490 2242 1678 2305 aqua
1740 2225 2215 2306 tepidiuscula
2277 2229 2389 2288 est
2450 2227 2521 2288 et

467 2324 716 2402 multa,
761 2323 993 2403 pelvis
1052 2322 1234 2387 bene
1281 2321 1527 2403 ampla
1575 2327 1647 2385 et
1709 2323 1955 2404 nitida,
2004 2323 2257 2405 liquor,
2307 2340 2517 2403 quem

465 2422 688 2503 ipsius
755 2421 1051 2485 Veneris
1113 2421 1332 2501 dicaS,
1395 2420 1874 2500 condimenta,
1924 2439 2109 2502 quae
2175 2420 2518 2485 Arabiam

466 2519 668 2583 illam
731 2519 1014 2601 quidem
1064 2519 1598 2583 Eudaemonem
1646 2519 1785 2583 huc
1837 2536 2081 2583 secum
2142 2519 2518 2600 pertulisse

465 2618 911 2682 videantur...
947 2615 1146 2697 Quod
1181 2617 1369 2681 ultra
1417 2617 1811 2681 desiderem
1862 2616 2039 2681 nihil
2073 2622 2243 2681 est...
2278 2617 2413 2680 nisi
2447 2620 2519 2681 te

468 2722 545 2780 ut
606 2732 782 2798 agas
845 2733 1060 2797 quam
1125 2716 1777 2780 mansuetissimum
1841 2717 2007 2780 dum
2073 2720 2144 2780 te
2206 2715 2518 2797 perlue...

467 2816 634 2879 dum
683 2820 754 2878 te
801 2814 1090 2895 inungo,
1139 2814 1464 2878 delitium
1514 2815 1788 2878 meum!

553 2911 713 2977 Par.
742 2948 824 2957 --
863 2910 1077 2990 (dalla
1121 2912 1352 2993 siepe).
1387 2912 1708 2994 Expecto
1740 2912 1986 2977 videre
2020 2931 2157 2995 quo
2190 2930 2307 2977 res
2337 2912 2519 2977 haec

466 3012 757 3075 tandem
807 3011 897 3075 sit
945 3027 1316 3075 evasura...

554 3108 725 3171 Pont
755 3145 844 3155 —
874 3107 982 3172 En
1030 3109 1174 3173 iam
1223 3108 1591 3188 blandiriS,
1642 3110 1785 3173 iam
1844 3109 2150 3173 caudam
2200 3108 2517 3190 surrigiS,

465 3210 608 3272 iam
673 3208 913 3290 capite
983 3207 1227 3289 micaS,
1291 3211 1621 3288 totusque
1691 3212 1837 3271 toto
1907 3208 2127 3271 etiam
2197 3224 2519 3289 corpore,

467 3324 666 3370 meus
736 3306 957 3388 asine,
1022 3306 1193 3370 mihi
1264 3306 1503 3387 gestis.
1568 3306 1786 3387 Euge,
1852 3306 2174 3387 deliciae,
2239 3310 2317 3369 ut
2386 3323 2518 3387 ego

465 3411 536 3469 te
586 3406 816 3469 nitore
861 3405 1013 3487 ipso
1063 3404 1468 3469 nitidiorem
1514 3405 1875 3469 reddam...
1909 3405 2126 3485 Siste3
2169 3422 2305 3487 age
2351 3422 2522 3468 cau-

467 3504 634 3567 dam
697 3503 789 3567 ad
850 3520 986 3582 me,
1034 3503 1202 3566 dum
1265 3502 1447 3567 bene
1509 3502 1731 3566 lotam
1795 3503 2094 3583 depecto
2156 3520 2371 3584 quam
2420 3502 2520 3565 le-

466 3600 892 3682 pidissime...
958 3600 1455 3683 depexamque
1524 3601 1750 3664 multo
1819 3599 2122 3682 lepidius
2184 3601 2517 3682 inungo...

468 3696 650 3777 Quid
712 3698 869 3779 hoc,
917 3698 1103 3779 quod
1161 3698 1411 3763 clunes
1467 3698 1640 3762 mihi
1702 3698 2077 3780 lavandaS,
2125 3698 2345 3779 asine,
2393 3697 2519 3760 vix

467 3795 772 3876 porrigis
784 3794 879 3858 ἱ)...
906 3793 1062 3858 Non
1087 3796 1262 3859 satis
1287 3796 1528 3877 placet
1557 3796 1695 3860 ista
1721 3796 1983 3878 pedum
2010 3800 2160 3860 tam
2183 3795 2519 3877 frequens
