2844 4375
417 237 502 302 76
1273 250 1610 302 PourAuo

507 375 652 444 Cas.
685 415 778 426 —
808 379 870 443 N
876 380 1043 444 ulla.

498 476 687 543 Pom.
721 513 806 522 —
840 476 1288 542 Novaculam
1335 475 1636 540 fortasse
1687 475 2071 540 adhibuit...

508 571 652 640 Cae.
683 611 774 622 --
804 575 1095 640 Nullum
1159 575 1395 640 adhuc
1441 575 1569 638 illa
1614 573 1786 638 fecit
1833 579 2152 640 tonsum:
2214 574 2470 657 putula

410 678 562 738 tota
607 677 735 755 est,
785 674 1044 738 nedum
1095 673 1362 756 glabris
1407 673 1842 737 femurculiS.

499 771 684 835 Pom.
715 807 806 818 —
837 771 1023 836 Illud
1072 788 1351 854 quoque
1399 789 1541 836 non
1588 776 1697 835 est
1767 770 1954 852 quod
2016 771 2465 836 erubescas...

411 869 739 950 Fateare,
789 869 1083 949 amabo;
1147 869 1427 950 salitne,
1484 869 1652 933 dum
1708 868 1859 952 ipse
1906 869 2098 949 salis,
2146 873 2467 932 nostrum

409 966 798 1033 delicium?

505 1061 651 1130 Cas.
686 1101 775 1112 —-
803 1066 894 1129 Et
939 1065 1108 1130 salit
1155 1071 1226 1130 et
1271 1065 1572 1147 subsilit,
1614 1071 1687 1131 et
1733 1081 1987 1130 auram
2034 1064 2359 1148 inspirat,
2392 1070 2469 1130 et

407 1164 544 1228 scit
576 1164 832 1245 quibus
864 1164 1105 1229 verbis
1136 1164 1487 1254 paxillum
1519 1164 1895 1246 surrigat...
1923 1162 2462 1229 Fermentillam

409 1262 644 1332 dicas!

498 1359 685 1424 Pont.
723 1396 805 1406 —
838 1358 1023 1441 Quid
1068 1361 1204 1425 hoc
1253 1361 1479 1441 verbi,
1526 1361 1623 1425 mi
1672 1359 2001 1426 Caselio?

504 1453 648 1523 Cas.
680 1495 771 1506 —
802 1459 915 1523 An
954 1459 1244 1541 ignoras
1292 1459 1646 1524 fermento
1680 1463 2217 1525 contumescere
2266 1458 2469 1540 pani-

408 1556 649 1621 ficiam
685 1556 1116 1622 materiam?
1145 1557 1383 1622 Habet
1428 1558 1559 1621 illa
1590 1557 1665 1621 in
1714 1557 2063 1639 manibus,
2097 1557 2172 1620 in
2205 1556 2465 1637 verbiS,

409 1655 483 1718 in
532 1654 780 1720 ocellis
825 1654 1278 1720 fermentum.
2443 1713 2451 1721 .

497 1751 686 1818 Pont.
737 1789 823 1800 —
870 1752 1111 1818 Venus
1175 1753 1398 1817 bonai
1466 1752 1564 1817 Ut
1632 1752 1917 1831 blande,
1982 1757 2061 1817 ut
2130 1753 2465 1817 deliciose

407 1850 724 1915 futurum
790 1856 898 1915 est
961 1851 1131 1916 mihi
1194 1869 1357 1916 cum
1429 1851 1867 1915 fermentilla
1929 1851 2056 1916 illa
2120 1851 2465 1916 nostrai...

407 1947 544 2013 Sed
605 1948 782 2013 heus
830 1956 927 2031 tu,
977 1949 1074 2013 mi
1125 1948 1427 2031 Caselio,
1477 1949 1654 2013 nihil
1705 1949 1927 2012 ultra:
1990 1949 2465 2013 continendus

411 2051 518 2110 est
565 2063 819 2112 sermo,
861 2047 1086 2112 Eccos
1134 2047 1620 2129 philosophos!
1670 2047 1945 2111 Exhibe
1991 2047 2271 2111 vultum
2305 2064 2468 2129 gra-

409 2162 573 2209 vem
624 2145 1191 2227 advenientibuS,
1227 2150 1303 2210 ut
1349 2145 1409 2211 si
1458 2146 1545 2210 de
1592 2146 1908 2229 ipsorum
1957 2145 2275 2211 adventu
2319 2143 2464 2211 col-

410 2243 646 2309 locutiv
679 2244 897 2308 simus
942 2245 1062 2309 hic
1109 2244 1391 2309 diutius.

1373 2431 1499 2495 IX.

921 2582 1278 2663 Pomanus,
1336 2579 1613 2660 GaseliO,
1664 2580 1947 2646 Pardus.

498 2732 685 2796 Pont.
725 2770 810 2778 —
845 2732 1068 2798 Video
1130 2751 1221 2797 ne
1286 2752 1417 2816 ego
1481 2733 1733 2798 heroes
1794 2750 1988 2797 meos
2004 2731 2102 2797 ?...
2151 2732 2269 2798 Illi
2330 2732 2466 2815 ipsi

410 2832 608 2895 sunt!
675 2830 844 2895 Dies
907 2832 1022 2895 hic
1088 2831 1406 2913 profecto
1473 2831 1645 2895 mihi
1698 2831 1976 2895 futurus
2038 2836 2147 2895 est
2208 2830 2464 2914 oppido

409 2946 630 3011 quam
692 2929 1065 2994 iucundus„
1116 2930 1377 2994 Valeat
1440 2929 1729 2993 0111111110
1792 2947 1907 2993 res
1969 2929 2320 2994 asinaria!
2384 2931 2466 3006 (a

395 3032 593 3109 parte
598 3032 670 3107 ).·
716 3028 911 3093 Heus
958 3033 1055 3110 tu,
1104 3027 1405 3109 Oaselio,
1448 3029 1536 3093 de
1582 3028 2053 3092 Fermentilla
2115 3028 2315 3092 nulla
2374 3028 2468 3091 sit

409 3144 574 3190 cum
644 3127 980 3192 heroibus
1042 3126 1302 3190 nostris
1365 3127 1653 3190 omnino
1725 3126 2012 3190 mentio.
2083 3126 2318 3207 Atque
2388 3128 2467 3189 ut

408 3225 537 3289 illa
583 3242 828 3289 secum
888 3226 1117 3307 magis
1163 3242 1252 3288 ac
1301 3226 1530 3306 magis
1591 3225 1923 3306 gaudeat,
1982 3224 2260 3288 asinum
2313 3228 2463 3287 tam

409 3322 596 3388 belle
642 3324 939 3405 cultum,
969 3328 1275 3404 cuteque
1309 3328 1458 3387 tam
1495 3323 1742 3403 nitida,
1781 3323 1965 3387 dono
2007 3322 2101 3387 ad
2134 3340 2292 3387 eam
2343 3322 2468 3387 du-

409 3421 588 3485 cito!
639 3439 776 3503 quo
824 3422 1000 3486 satis
1045 3421 1245 3485 illam
1301 3422 1450 3485 scio
1498 3426 1570 3485 et
1615 3422 1801 3485 ruris
1848 3425 1922 3485 et
1966 3420 2465 3485 suburbiorum

411 3520 689 3601 puellas
722 3525 1287 3602 superaturam...
1313 3520 1555 3602 specie
1578 3525 1866 3601 comptu
1892 3522 2145 3601 stratu,
2171 3519 2339 3583 dum
2372 3518 2467 3583 ad

409 3614 697 3700 nuptias
777 3624 1057 3700 vocata,
1106 3619 1274 3683 dum
1347 3618 1780 3683 Puteolanas
1856 3618 1914 3682 it
1982 3619 2073 3683 ad
2143 3618 2461 3698 balneas,

409 3716 631 3781 etiam
679 3716 1214 3782 blandientibus
1260 3717 1741 3799 crepitaculis.

507 3808 651 3878 Cas.
681 3849 772 3860 —
802 3814 1013 3895 Here,
1049 3814 1219 3878 mihi
1268 3810 1518 3879 crede:
1566 3814 1700 3879 hoc
1750 3815 1971 3879 asello
2021 3814 2151 3879 tibi
2197 3814 2290 3879 ab
2338 3813 2465 3877 illa
