2844 4375
445 207 532 272 28
1301 220 1635 272 PONTANO

525 421 628 478 012.
665 454 735 464 -
965 445 991 472 c
1024 423 1212 476 Nobis
1253 439 1481 494 pacem,
1529 423 1704 476 nobis
1745 423 1939 476 ocium
2039 465 2049 475 .

969 533 997 561 ι
1029 511 1202 566 Pacis
1243 511 1418 566 nobis
1460 511 1679 566 author
1721 511 1979 568 rettulit.

543 659 610 727 0.
647 699 730 708 —-
763 663 859 727 At
899 663 1309 751 meritoriae
1343 681 1548 728 meae
1582 663 1879 744 lucrum,
1914 669 1987 727 et
2018 664 2490 746 voluptatem,

443 767 518 825 et
579 760 1077 844 dapinationes
1139 763 1576 843 opiparasi...
1640 760 1698 828 Ο
1761 781 1875 826 me
1943 762 2335 827 beatumi...
2399 763 2494 827 A-

444 861 704 924 derunt
727 860 1136 942 frequentes
1168 861 1503 924 lenonum
1539 861 1888 942 puellae...
1912 861 2217 925 aderunt
2240 879 2487 924 earum

445 964 858 1037 sectatoreS,
911 958 1182 1036 novitii,
1231 959 1599 1022 satellites,
1647 958 1737 1022 Et
1783 959 1926 1022 iam
1978 959 2188 1022 audio
2246 958 2489 1023 Sicilia

445 1055 938 1138 Hispaniaque
986 1074 1080 1120 ex
1138 1057 1396 1119 intima
1458 1056 1840 1121 advectum
1905 1057 2151 1123 florem
2214 1057 2491 1122 scortil-

446 1153 699 1236 lorum,
733 1155 1304 1218 recentissimum
1347 1155 1629 1236 quidem
1682 1172 2069 1218 venereum
2120 1156 2491 1220 mercimo-

445 1252 665 1333 nium,
691 1252 1154 1333 urbanaeque
1176 1252 1580 1332 juventutis
1612 1252 1993 1316 illecebras
2026 1257 2239 1335 atque
2273 1253 2491 1316 allec-

444 1355 835 1414 tamenta...
864 1369 1099 1414 meum
1145 1369 1418 1414 merum
1458 1350 1759 1415 solidum
1802 1351 2489 1434 cupedinariumque

445 1449 870 1530 peculium...
904 1448 1137 1530 Agite,
1185 1450 1629 1513 sacerdotes!
1664 1465 1915 1530 pacem
1957 1448 2335 1529 concinite,
2370 1467 2495 1530 pa-

445 1563 605 1609 cem
652 1547 786 1610 diis
834 1546 1360 1610 immortalibus
1407 1554 1779 1628 acceptam
1815 1546 2113 1610 referte!
2154 1547 2297 1629 Ego
2330 1563 2491 1627 pro-

447 1643 634 1707 fecto
687 1644 1216 1725 compotoribus
1278 1643 1861 1726 ganeonibusque
1928 1645 2103 1708 meis
2164 1644 2491 1708 omnibus

442 1741 549 1805 ita
598 1759 711 1804 me
758 1742 1216 1824 comparabO,
1266 1748 1343 1804 ut
1388 1742 1727 1806 basilicas
1775 1742 1967 1824 apud
2001 1759 2114 1806 me
2145 1759 2492 1806 commes-

445 1841 779 1921 sationeS,
827 1841 1345 1922 basilicumque
1395 1858 1510 1904 me
1556 1858 1956 1922 cauponem
2004 1841 2491 1922 experiantur,

443 1938 884 2019 praedicent,
932 1939 1004 2002 in
1054 1938 1334 2002 coelum
1383 1938 1707 2002 efferant.

530 2948 635 3005 Oh.
672 2981 744 2991 —
972 2974 998 3001 c
1033 2952 1244 3024 Pacem
1288 2969 1450 3024 rura,
1496 2968 1705 3021 pacem
1748 2952 2017 3023 praedia,

969 3062 997 3090 «
1032 3040 1245 3095 Pacem
1288 3046 1450 3097 tecta
1490 3046 1553 3096 et
1596 3042 1771 3096 urbes
1812 3042 2105 3097 sentiunt.

971 3151 999 3179 «
1034 3130 1219 3200 Virgo
1261 3131 1503 3201 plaude,
1550 3136 1777 3200 nuptae
1818 3130 2110 3202 plaudite,

975 3236 1003 3270 c
1031 3218 1173 3273 Paci
1215 3220 1331 3274 rite
1374 3225 1597 3275 matres
1639 3218 1944 3289 plaudite!
1984 3241 2010 3269 ι

544 3372 613 3442 C.
648 3414 730 3423 ——
759 3377 931 3443 Mihi
965 3380 1247 3461 quidem
1284 3382 1536 3446 loculis
1576 3381 2058 3463 plaudendum
2108 3384 2217 3445 est
2248 3382 2492 3447 meis..

447 3475 547 3539 Ut
591 3478 888 3558 gestitis,
922 3478 1374 3543 inanissimi?
1421 3483 1499 3543 ut
1544 3482 1785 3543 animo
1834 3480 2125 3561 agitatis
2164 3479 2493 3544 aureolos

447 3573 609 3637 illos
642 3572 1140 3639 Venetillos‘?...
1169 3574 1409 3640 Hosne
1444 3577 1804 3657 mavultiS,
1838 3594 1930 3640 an
1966 3575 2494 3641 Florentinulos

447 3672 606 3736 illos
639 3672 1168 3754 ampliusculos,
1201 3675 1693 3756 picturatu108,
1726 3675 1962 3739 hieme
2003 3676 2220 3739 etiam
2255 3675 2493 3739 media

445 3770 1034 3851 perflorescentes
1051 3770 1148 3835 ‘?...
1181 3771 1294 3835 An
1325 3790 1595 3837 oceano
1628 3773 1905 3837 vectari
1951 3773 2233 3855 capitia
2268 3790 2491 3840 aurea
