2844 4375
453 215 540 281 48
1317 226 1661 278 ΡοΝΤΑΝο

458 357 564 422 1111
613 357 962 422 debentur
1009 373 1195 438 quae
1243 355 1317 419 in
1366 373 1481 419 me
1521 355 1784 435 insunt,
1816 355 2023 436 siqua
2056 354 2274 436 digna
2307 353 2521 418 laude

455 455 721 537 insunt,
771 455 1034 518 omnia.

548 748 710 813 Par.
758 783 848 796 ——
910 747 1127 812 Miror
1207 747 1504 812 Lucium
1584 745 1918 812 Crassum
1998 762 2296 828 corpore
2372 750 2521 810 tam

471 846 704 928 obeso,
737 846 1010 910 viribus
1043 863 1184 909 non
1218 845 1392 909 satis
1428 844 1708 924 validis,
1740 844 2012 908 clivum
2045 843 2236 909 hunc
2278 861 2527 925 quam-

469 961 686 1026 quam
736 961 1140 1024 amoenum,
1190 959 1494 1006 ascensu
1556 947 1801 1006 tamen
1864 959 2006 1005 non
2059 941 2524 1022 indifficilem,

464 1047 545 1107 ut
591 1059 681 1105 ex
729 1045 800 1106 te
849 1044 997 1105 tam
1047 1057 1263 1122 saepe
1310 1040 1543 1120 audi0,
1592 1040 1889 1122 pedibus
1937 1039 2449 1120 frequentasse.

554 1137 696 1204 Act.
731 1175 814 1184 —--
850 1138 1034 1202 Mira
1066 1138 1286 1202 etiam
1335 1155 1501 1202 cum
1566 1138 1969 1220 voluptate3
2036 1154 2205 1200 nam
2255 1141 2328 1200 et
2372 1154 2527 1201 sae-

465 1237 703 1320 picule
750 1237 1168 1302 considebat
1215 1236 1345 1300 sub
1393 1236 1813 1317 arbusculis,
1862 1239 1989 1299 aut
2037 1252 2359 1300 muscoso
2400 1235 2527 1298 ali-

468 1353 605 1418 quo
675 1335 1231 1416 conquiescebat
1293 1334 1367 1397 in
1432 1334 1691 1417 lapide,
1754 1338 2080 1397 veterum
2151 1336 2523 1415 poetarum

468 1469 550 1480 --
586 1439 711 1496 aut
751 1433 988 1514 siquos
1034 1433 1186 1515 ipse
1228 1432 1677 1496 lucubrasset
1699 1467 1787 1476 —
1814 1431 2204 1495 versiculos
2235 1431 2531 1494 interim-

466 1531 805 1612 referens,
854 1531 1082 1595 multa
1143 1530 1372 1608 etiam,
1410 1547 1626 1611 saepe
1674 1533 1801 1593 aut
1847 1530 1997 1612 ipse
2053 1529 2337 1610 docenS,
2403 1531 2527 1591 aut

469 1647 598 1694 nos
659 1629 780 1710 qui
841 1647 1006 1693 eum
1054 1628 1531 1710 sequebamur
1593 1630 2123 1709 percunctatus.
2173 1626 2282 1690 Ad
2344 1626 2526 1690 haec

469 1727 710 1793 dicere
773 1727 975 1792 nobis
1039 1727 1336 1806 solebat,
1400 1744 1537 1809 quo
1601 1725 1805 1789 labor
1873 1727 2025 1808 ipse
2087 1723 2526 1788 ascensionis

467 1830 654 1890 esset
686 1826 933 1906 levior,
968 1825 1222 1890 collem
1257 1824 1449 1888 hunc
1496 1823 1917 1888 Heliconem
1952 1827 2023 1888 et
2054 1823 2187 1888 sibi
2222 1828 2293 1886 et
2326 1823 2525 1887 nobis

471 1941 646 2006 esse,
705 1941 936 2006 neque
1000 1939 1204 2005 posse
1265 1922 1630 1986 Musarum
1695 1922 1788 1986 ad
1851 1921 2194 2003 templum
2260 1922 2396 1986 nisi
2456 1939 2527 1983 eo

470 2022 661 2086 clivo
693 2021 1077 2103 perveniri,
1113 2038 1322 2102 quem
1373 2020 1716 2101 Virgilius
1763 2021 1915 2101 ipse
1963 2019 2262 2102 singulis
2301 2019 2526 2084 ferme

470 2120 718 2186 diebus
779 2119 1169 2183 ascendere
1219 2122 1404 2182 esset
1451 2118 1719 2199 solitus,
1768 2118 1888 2182 ubi
1937 2123 2095 2201 post
2142 2123 2227 2207 et
2274 2119 2524 2182 villam

472 2219 607 2283 sibi
669 2221 1179 2301 comparasset,
1243 2221 1315 2282 et
1378 2218 1690 2281 moriens
1750 2217 2035 2282 humari
2098 2216 2526 2283 testamento

469 2316 801 2381 cavisset.

566 2606 812 2674 Alt.-
835 2609 1055 2674 Recte
1089 2626 1264 2673 sane
1297 2608 1501 2689 haec,
1529 2612 1607 2672 ut
1632 2612 1947 2689 caetera,
1974 2608 2253 2672 Lucius.
2289 2605 2527 2687 Quan—

469 2708 560 2772 do
624 2712 867 2771 autem
931 2707 1125 2771 aliud
1187 2724 1382 2771 nunc
1446 2725 1577 2768 non
1627 2707 1929 2788 agimus,
1978 2706 2269 2770 missum
2321 2705 2527 2771 illum

473 2806 826 2888 tantisper
870 2806 1245 2885 faciamus,
1279 2805 1469 2884 dum,
1504 2804 1692 2887 quod
1740 2822 1867 2869 nos
1915 2809 2290 2887 tantopere
2337 2805 2527 2868 male

473 2904 711 2984 habet,
738 2905 1186 2969 sciscitemur
1211 2904 1407 2985 illud,
1436 2903 1643 2985 siqua
1668 2902 1791 2967 via
1816 2903 2005 2967 senis
2028 2904 2250 2967 nostri
2275 2902 2526 2968 delirio

475 3002 768 3067 obviam
814 3002 901 3067 iri
958 3002 1199 3085 possit.
1248 3002 1422 3084 Age,
1471 3002 1671 3065 Acti!
1720 3000 1989 3065 Romae
2036 3017 2201 3065 cum
2248 3017 2524 3082 agereS‚

476 3102 763 3183 qualem
813 3118 889 3165 se
936 3100 1009 3164 111
1059 3100 1402 3165 obeundis
1458 3098 1797 3163 Iovianus
1858 3099 2184 3181 negotiis,
2239 3098 2526 3181 qualem

475 3199 550 3262 in
599 3198 968 3263 suadenda
1015 3201 1141 3263 aut
1187 3197 1683 3279 componenda
1730 3213 1933 3278 pace,
1968 3214 2160 3259 nunc
2207 3196 2282 3259 in
2330 3196 2524 3277 urbe,

475 3315 668 3361 nunc
700 3297 775 3361 in
809 3297 1064 3361 castris
1098 3301 1221 3360 aut
1267 3296 1341 3360 111
1388 3296 1647 3359 itinere
1686 3296 1859 3377 ipsc,
1895 3295 2187 3377 egerit...
2222 3295 2526 3376 explica,

475 3394 716 3473 edoce,
765 3394 1110 3476 explana:
1159 3382 1481 3457 nostrum
1531 3393 1847 3457 omnium
1899 3410 2045 3456 una
2090 3409 2205 3456 res
2253 3392 2511 3474 agitur.

2825 3371 2837 3435 Ἰ
