2844 4375
449 187 540 252 64
1317 199 1655 252 PoNTANo

544 327 670 394 Pu.
705 367 789 376 ——
823 329 1175 395 Choream
1223 330 1532 394 ductitat
1576 329 1941 395 bestiola...
1982 330 2326 412 Secedite,
2374 329 2515 394 Na-

453 445 718 510 paeae3
783 446 875 492 ne
936 429 1104 492 dum
1168 429 1565 492 ternarium
1636 429 1875 510 saltat,
1947 429 2113 493 dum
2185 432 2514 526 septena-

451 527 636 590 rium
694 526 1024 608 crepitat,
1081 543 1209 590 ora
1264 530 1509 589 vestra
1560 525 1823 589 illiniat
1876 525 2512 608 purpuriSSO...·Ah

453 624 548 688 ah
617 624 740 688 ah!
803 628 963 705 post
1031 624 1360 705 ingentes
1428 625 1752 702 tonitrus,
1799 623 2128 704 ingentes
2189 623 2509 705 pluviae:
2566 673 2573 678 .

459 723 783 805 potuitne
815 723 1118 803 lepidius
1167 739 1253 786 ac
1301 721 1533 802 magis
1578 723 1655 785 in
1702 726 2023 804 tempore
2040 721 2137 786 ‘?...
2170 720 2228 788 Ο
2261 722 2512 786 Arabi-

457 838 619 885 cam
655 838 991 899 mercem,
1018 819 1439 901 Sabaeaque
1473 820 1967 884 odoramenta!
2009 820 2241 902 Agite,
2268 838 2511 883 aman-

451 925 624 984 teS...
687 918 908 1000 legite
985 936 1330 1000 muscum,
1401 918 1683 1000 seligite
1752 918 2147 1000 zebethum,
2216 919 2509 1001 implete

455 1019 743 1082 arculas
790 1017 1038 1099 cyprio
1087 1015 1452 1098 pulvillo...

540 1212 728 1276 Pont.
761 1249 842 1258 —
869 1210 977 1278 Oh
1011 1211 1306 1276 delicias
1337 1213 1612 1294 regias!
1646 1230 1687 1276 o
1719 1213 1923 1277 ludos
1955 1210 2354 1295 Olympico*
2376 1213 2506 1276 deo

450 1311 797 1392 dignosl...
839 1309 1089 1374 Nonne
1136 1327 1270 1392 ego
1319 1313 1390 1374 te
1437 1311 1555 1374 vel
1605 1315 1794 1374 ostro
1827 1311 2286 1376 instraverim
2321 1311 2507 1392 Tyro

453 1408 772 1490 abusque
821 1407 1174 1472 advecto?

538 1503 662 1570 Pu.
707 1541 794 1550 -—
835 1503 985 1569 Fac
1047 1505 1376 1570 venalem
1451 1505 1647 1587 prius
1716 1506 2272 1587 purpurissum...
2340 1506 2505 1570 inde

454 1604 581 1669 tibi
647 1605 952 1686 pretium
1017 1604 1393 1685 proveniet
1462 1607 1764 1683 tantum,
1824 1607 1900 1666 ut
1968 1602 2223 1667 fibulas
2286 1604 2506 1666 etiam

451 1720 712 1766 aureas
773 1708 963 1766 ostro
1025 1702 1338 1784 suffigaS,
1389 1706 1461 1766 et
1506 1708 1802 1765 auratas
1849 1701 2197 1783 cingulas,
2247 1702 2503 1784 quibus

453 1801 629 1864 illud
692 1800 1024 1882 subliges,
1085 1800 1256 1865 here
1319 1801 1862 1864 delicatissime!
1920 1799 2055 1864 Sed
2119 1801 2288 1881 quid
2348 1800 2504 1881 hoc,

453 1898 792 1980 Cyllare‘?
853 1899 1021 1980 quid
1068 1934 1157 1945 —-
1201 1899 1495 1981 inquam
1538 1935 1621 1944 -·—-
1664 1897 2034 1980 Cyllare‘?!
2107 1897 2505 1980 Disciplina

454 1997 635 2062 haec
685 1997 1237 2078 haudquaquam
1288 1997 1460 2060 mihi
1522 1997 1698 2060 satis
1750 1997 2051 2079 placet...
2100 1996 2313 2076 Hero,
2363 2014 2503 2059 non

456 2095 651 2174 mihi,
683 2095 926 2159 ludum
978 2112 1108 2176 ego
1156 2095 1625 2159 calcitronem
1674 2095 2032 2158 instituo...
2066 2095 2202 2158 Abi
2238 2094 2498 2158 malam

451 2196 526 2258 in
575 2196 831 2283 reml...
873 2194 1274 2258 Blanditias
1319 2194 1495 2258 istas
1542 2199 1691 2258 tam
1744 2194 2056 2258 urbanas
2104 2198 2175 2257 et
2222 2194 2385 2257 lude
2434 2198 2504 2256 et

453 2293 807 2374 applaude
863 2292 1147 2356 domino
1195 2296 1315 2355 tuo
1379 2296 1529 2355 tam
1579 2292 1951 2356 delicato...
1987 2292 2097 2355 Ad
2144 2291 2344 2355 illum
2394 2308 2504 2355 re-

451 2408 684 2472 cursa,
732 2390 836 2455 illi
899 2390 1200 2454 concine
1263 2390 1667 2455 cantilenas
1712 2390 1887 2453 istas
1949 2394 2101 2453 tam
2164 2390 2549 2485 lepidaS...‘'

451 2490 805 2553 asininum
853 2488 1042 2552 istud
1073 2489 1425 2570 plectrum
1476 2488 1580 2551 illi
1629 2488 2075 2569 perpulsato!
2124 2488 2233 2551 An
2284 2487 2516 2551 etiam'

450 2604 564 2651 me
597 2587 781 2669 petis
797 2584 893 2651 ?...
929 2587 1144 2650 etiam
1181 2591 1394 2668 atque
1436 2586 1654 2650 etiam
1696 2586 1899 2649 calce
1948 2584 2180 2667 petis?
2210 2585 2505 2666 Proripe

450 2684 618 2749 hinc
663 2689 736 2747 te
782 2685 874 2748 ad
922 2701 1167 2765 regem
1216 2688 1438 2763 tuum,
1489 2682 1955 2765 nequissime!

536 2782 696 2845 Par.
735 2818 813 2828 —
854 2781 1076 2861 (dalla
1119 2781 1349 2863 siepe).
1414 2780 1599 2862 Quid
1656 2782 1793 2845 hoc
1810 2780 1907 2846 ἱ)...
1939 2786 2099 2864 post
2152 2782 2503 2861 suavium,

449 2881 666 2946 etiam
702 2881 1153 2962 complexum
1189 2884 1402 2962 parat
1433 2880 1839 2961 quadrupes
1863 2878 2501 2962 spurcissimus?!...

448 2978 832 3043 Pulchrum
900 2978 1037 3042 erit
1096 2979 1342 3042 videre
1404 2996 1543 3059 quo
1592 2978 1918 3043 asininae
1965 2978 2145 3041 istae
2200 2976 2505 3041 deliciae

447 3078 762 3157 tandem,
810 3082 889 3141 ut
936 3076 1078 3141 dici
1125 3078 1324 3153 solet,
1375 3093 1725 3141 evasurae
1771 3076 1932 3141 sint.

534 3173 724 3239 Pont.
759 3211 846 3219 —
878 3172 1021 3239 Cur
1059 3192 1278 3257 puero
1326 3178 1471 3238 tam
1524 3175 1729 3255 bon0,
1779 3174 1876 3237 mi
1925 3174 2167 3254 aselle,
2218 3172 2508 3237 malefe-

445 3273 605 3337 cisti
625 3271 719 3337 ἱ)...
755 3273 924 3355 quid
973 3273 1276 3336 altorem
1329 3275 1529 3335 tuum
1593 3272 1993 3336 verberasti
2040 3275 2187 3333 tam
2239 3268 2506 3352 impie?

445 3370 557 3435 An
621 3371 922 3435 fortasse
982 3371 1326 3436 hordeum
1397 3370 1526 3435 tibi
1589 3370 2067 3452 negligentius
2129 3367 2509 3433 excrevit?

444 3487 538 3532 an
575 3470 934 3551 pectinem
969 3470 1176 3534 dorso
1208 3468 1715 3533 inclementius
1756 3468 1961 3531 duxit
1977 3466 2072 3532 ‘?...
2100 3466 2281 3531 Vide
2314 3466 2502 3545 vide,

447 3567 723 3647 amabo,
759 3571 836 3631 ut
884 3584 1059 3649 prae
1105 3567 1374 3649 pudore
1424 3567 1851 3631 auriculas...
1890 3571 1968 3628 ut
2016 3568 2237 3647 caput
2283 3564 2501 3628 etiam

443 3666 793 3731 demisit...
830 3670 908 3730 ut
947 3665 1248 3731 obticuit
1278 3665 1932 3748 pudentissimusl...
1964 3664 2311 3746 Pigetque
2342 3680 2508 3745 poe-

446 3764 768 3845 nitetque
833 3764 1190 3829 maleficii.
1241 3764 1420 3828 Eum
1485 3782 1618 3845 ego
1668 3769 1759 3845 te,
1810 3762 2050 3843 aselle,
2098 3763 2319 3827 velim
2382 3760 2505 3843 qui
