2844 4375
411 213 500 278 60
1269 225 1607 276 PONTANO

410 356 659 436 fodiaS,
707 356 916 438 quod,
963 355 1380 437 permadido
1429 355 1579 418 solo
1625 371 1712 418 ac
1759 354 2201 435 liquescente
2247 358 2465 434 terra,

409 454 690 518 radices
737 453 973 517 minus
1017 452 1464 533 inhaereant,
1514 469 1649 515 nec
1682 451 1905 515 multo
1946 456 2103 533 post
2136 451 2466 515 mucidae

413 552 711 616 effectae
771 553 1347 632 corrumpantur,
1396 567 1647 614 verum
1696 551 2153 631 impendente
2197 549 2465 631 pluvia.

415 649 554 714 Ubi
587 650 779 713 enim
826 649 1018 713 sicco
1067 666 1207 712 non
1258 654 1501 712 tamen
1536 653 1911 712 arescente
1957 648 2105 712 solo
2137 649 2464 730 plantam

411 746 771 828 infoderis,
841 746 1124 811 radices
1191 746 1392 828 ipsae
1463 746 1693 828 magis
1771 763 1857 810 ac
1929 746 2158 828 magis
2227 752 2464 810 terrae

413 845 963 928 coniunguntur,
1020 849 1092 908 et
1152 845 1342 908 fossa
1394 845 1552 926 ipsa
1611 844 1915 908 imbrem
1977 845 2220 909 statim
2284 844 2470 909 inse-

413 949 749 1025 quentem
813 942 1347 1023 cupientissime
1419 941 1693 1024 pariter
1752 959 1841 1006 ac
1902 942 2464 1006 siticulosissime

413 1041 699 1123 recipit3
748 1040 827 1104 fit
873 1040 1091 1104 etiam
1144 1045 1220 1105 ut
1265 1039 1494 1104 solum
1542 1039 1775 1122 ipsum
1825 1040 2054 1122 magis
2102 1057 2188 1104 ac
2236 1040 2465 1122 magis

411 1141 754 1221 spissetur
824 1157 868 1202 a
934 1139 1203 1220 pluvia,
1267 1144 1339 1202 et
1410 1139 1693 1203 radices
1765 1139 2187 1202 alimentum
2258 1155 2463 1203 suum

414 1242 653 1303 terrae
700 1236 1183 1318 conciliatum,
1233 1236 1521 1301 uberius
1569 1237 1791 1301 multo
1838 1237 2125 1301 ducant.

502 1431 609 1496 Ac
679 1449 770 1496 ne
840 1436 912 1496 te
986 1449 1220 1496 morer
1281 1432 1566 1511 diutim,
1630 1431 1983 1514 exigendo
2046 1431 2468 1514 praesertim

413 1530 614 1612 operi
659 1530 1111 1609 instructum,
1157 1530 1295 1594 hoc
1358 1548 1517 1612 age,
1554 1530 1650 1593 mi
1684 1529 1999 1594 Faselio:
2048 1529 2466 1610 priusquam

414 1628 844 1692 destinatam
910 1628 1334 1710 aggrediare
1381 1645 1695 1709 operam,
1743 1627 2155 1692 brassiculis
2209 1627 2352 1690 illis
2384 1661 2473 1672 —-

415 1731 582 1790 sunt
614 1727 806 1791 enim
853 1744 1262 1808 perpaucae
1285 1761 1374 1772 -—
1397 1727 1759 1790 sarculum
1800 1725 2107 1808 benigne
2141 1725 2467 1805 admove,

418 1825 805 1905 fimumque
839 1824 1200 1888 radicibus
1231 1825 1522 1905 propius
1552 1823 1919 1887 sarriendo
1952 1840 2240 1905 aggere,
2268 1823 2469 1904 quip—

417 1939 506 2004 pe
554 1940 762 2003 quae,
810 1927 1177 2004 tamquam
1230 1922 1420 1986 lacte
1460 1939 1586 1986 suo
1634 1921 2037 2003 destitutae,
2087 1921 2472 1985 videantur

415 2020 812 2102 pallescere
869 2037 958 2084 ac
1006 2019 1092 2084 de
1149 2024 1380 2084 matre
1442 2020 1665 2100 queri.
1714 2019 1819 2083 Tu
1878 2019 2020 2083 illis
2068 2036 2288 2101 opera
2350 2024 2476 2082 tua

416 2117 756 2199 subveni3
792 2135 959 2181 nam
994 2121 1067 2181 et
1112 2117 1285 2181 hero
1333 2121 1620 2200 gratum
1666 2116 1945 2198 feceriS,
1979 2120 2051 2181 et
2082 2116 2211 2181 tibi
2243 2116 2477 2180 iuscu-

417 2218 564 2281 lum
617 2218 1010 2298 paraveri8‚
1060 2217 1346 2298 quicum
1394 2215 1734 2280 bubulam
1790 2216 2200 2297 concinnes,
2248 2216 2476 2279 succi—

418 2315 652 2395 daque
684 2320 1080 2395 pervetere.
1115 2313 1270 2378 Hoc
1311 2317 1418 2377 est
1466 2314 1652 2395 quod
1686 2317 1757 2377 te
1790 2331 2007 2395 agere
2040 2314 2471 2378 destinatam

419 2417 588 2476 ante
637 2429 931 2493 operam
979 2412 1218 2477 velim.
1590 2482 1594 2485 k

507 2510 798 2575 Interea
865 2528 1099 2575 meam
1164 2528 1278 2573 me
1339 2527 1635 2591 operam
1698 2511 1921 2574 asello
1980 2511 2280 2575 reddere
2344 2528 2475 2593 par

419 2612 548 2688 est,
597 2625 688 2671 ne
736 2609 938 2689 queri
985 2607 1072 2672 de
1119 2607 1291 2671 hero
1338 2625 1464 2672 suo
1511 2608 1666 2672 iure
1714 2608 1998 2689 possit...
2029 2627 2066 2669 <‹
2090 2608 2285 2673 Heus
2317 2625 2473 2690 age,

419 2706 631 2787 puer!
695 2704 877 2769 Siste
939 2705 1079 2770 huc
1127 2706 1219 2769 ad
1267 2722 1380 2769 me
1428 2703 1797 2787 Cyllarum
1862 2724 2077 2787 quam
2140 2705 2476 2770 nitidissi-

421 2822 652 2883 mum;
703 2809 919 2885 atque
979 2804 1051 2867 id
1111 2803 1299 2882 vide,
1351 2821 1442 2867 ne
1496 2804 1663 2867 dum
1726 2804 1961 2868 serica
2007 2804 2210 2869 illum
2273 2808 2475 2868 veste

423 2902 755 2982 ductitaS,
789 2902 958 2965 dum
992 2902 1236 2965 ludere
1283 2901 1643 2965 feroculus
1675 2902 1893 2983 cupit,
1926 2901 2248 2966 calcibus
2294 2902 2368 2965 in
2402 2907 2475 2966 te

423 3000 727 3063 insiliat!
777 2998 961 3063 Novi
1009 3017 1142 3081 ego
1189 2999 1599 3081 Cyllarinas
1645 2999 2025 3064 illecebras
2071 3016 2160 3065 ac
2208 3000 2479 3064 domini

421 3098 647 3162 nostri
692 3097 1143 3162 blanditias..

511 3390 670 3458 Par.
704 3426 794 3438 —
826 3392 1120 3457 Utinam
1192 3410 1283 3456 ne
1344 3392 1463 3457 hic
1530 3391 1739 3456 hodie
1801 3392 2044 3457 asinus
2107 3391 2481 3457 nobilitate

426 3490 645 3556 etiam
709 3490 1034 3555 Romana
1096 3508 1224 3555 nos
1284 3491 1519 3573 donet,
1569 3490 2123 3574 agnominetque
2170 3486 2483 3553 Asinioe!

427 3588 656 3652 Aures
718 3588 1050 3670 arrigite3
1113 3587 1326 3670 idque
1373 3589 1448 3652 in
1510 3588 1759 3671 primis
1820 3594 1979 3671 post
2038 3588 2481 3671 saepiculam

427 3685 688 3767 videte,
737 3704 828 3750 ne
877 3686 1237 3750 mussitari
1284 3704 1329 3751 a
1375 3686 1579 3752 vobis
1626 3686 1992 3769 quippiam
2040 3686 2409 3751 sentiatur.
