2844 4375
431 209 519 274 62
1283 223 1623 274 ΡοΝΤΑΝο

1378 431 1537 496 VII.

990 582 1347 660 Pomanus,
1395 583 1595 661 Puer,
1644 581 1927 647 Pardus,

521 744 708 809 Pom.
735 780 819 792 —
847 744 1312 827 Lepidissime
1335 744 1513 808 illud
1542 744 1831 827 quidem
1846 745 1927 808 Ξ...
1953 748 2025 808 et
2054 744 2249 808 rudit
2270 743 2483 808 simul

431 847 504 906 et
563 843 919 920 calcitrat,
981 860 1220 907 meum
1281 842 1655 907 delicium:
1718 860 1938 907 unum
2000 842 2178 907 illud
2239 841 2482 920 defuit,

431 942 616 1006 asini
671 943 858 1024 quod
917 942 1167 1006 solent.
1224 941 1335 1006 An
1382 941 1684 1006 fortasse
1739 941 1991 1024 puduit
2051 941 2223 1006 hero
2279 958 2486 1022 prae-

431 1044 632 1106 sente
695 1040 1125 1122 crepitulum
1171 1039 1465 1104 facere?
1510 1038 1727 1104 Vides
1774 1040 1945 1122 quid
1988 1043 2308 1122 praestet
2366 1039 2486 1104 do-

431 1139 607 1202 mini
669 1137 1131 1202 reverentia?
1200 1137 1540 1202 Blandire
1602 1137 1731 1218 illi,
1787 1129 2005 1201 bone‘
2039 1137 2321 1220 pueri...
2366 1137 2484 1201 fac

431 1235 782 1302 delitias...
816 1236 934 1300 dic
978 1236 1246 1300 bellum
1294 1235 1587 1317 aliquid.

521 1429 718 1496 Puer.
748 1467 831 1476 —-
862 1430 1210 1514 Agedum,
1243 1429 1568 1512 Cyllare!
1618 1430 2013 1513 Eugedum,
2044 1430 2253 1496 heros
2285 1431 2489 1494 Ario-

433 1530 595 1594 nice
615 1530 696 1594 Ξ...
728 1529 980 1594 herum
1026 1529 1320 1610 honora,
1359 1532 1653 1612 praesta
1698 1529 1885 1611 quod
1930 1529 2256 1594 ludentes
2305 1529 2487 1593 asini

431 1627 624 1692 heris
697 1627 928 1691 solent
1004 1626 1628 1692 insanientibusl...
1697 1643 2057 1709 concrepa
2132 1626 2483 1691 musicum

433 1725 807 1807 aliquidl...
869 1725 1094 1805 effice,
1149 1725 1209 1789 si
1273 1725 1393 1806 qui
1456 1725 1788 1789 delirium
1851 1730 2304 1807 aucupantur
2366 1742 2488 1788 no-

432 1828 683 1901 strum,
732 1828 934 1888 tuum
996 1824 1088 1888 ad
1149 1840 1530 1888 numerum
1584 1823 1884 1888 choreas
1932 1828 2009 1888 ut
2070 1823 2485 1888 ductitent...

434 1921 931 2006 Septenarium
982 1923 1125 1986 iam
1173 1921 1356 1987 fudit
1418 1920 1782 2004 Calliopa:
1845 1922 2075 2002 salite,
2122 1923 2489 1986 hortenses

435 2020 708 2085 deael...
742 2020 957 2102 HeuS,
987 2021 1196 2085 heros
1244 2019 1625 2102 Cyllarice,
1669 2037 2003 2084 numeros
2037 2021 2264 2085 muta!
2297 2019 2489 2084 Ana-

434 2117 784 2201 pesticum
847 2118 1076 2183 volo...
1125 2117 1282 2183 Non
1344 2119 1586 2201 placet
1632 2118 1707 2182 in
1755 2118 1977 2182 hortis
2024 2117 2484 2182 Iambicum...

435 2217 736 2291 theatris
781 2218 986 2282 illum
1034 2217 1356 2299 ablega...

498 2510 714 2605 ‘Pom
746 2546 836 2557 —-
866 2510 1179 2591 Amabo;
1229 2515 1308 2575 ut
1337 2508 1561 2574 belle!
1613 2514 1691 2574 ut
1736 2510 1809 2574 in
1856 2514 2179 2591 tempere
2211 2509 2485 2574 omnia!

524 2706 684 2771 Par.
717 2742 806 2753 —-
841 2704 1063 2785 (dalla
1111 2706 1343 2789 siepe).
1393 2706 1655 2770 Asinus
1716 2710 1987 2787 crepat,
2037 2722 2166 2769 nos
2228 2704 2493 2769 dirum-

432 2822 690 2888 p1mur.

523 2903 647 2967 Pu.
673 2939 762 2950 —-
785 2903 1001 2984 HeuS,
1034 2904 1292 2967 Arion!
1343 2921 1486 2967 non
1536 2902 1709 2967 mihi
1756 2902 1944 2967 inter
1990 2901 2489 2983 crepitandum

434 3002 728 3085 placent
759 3002 1114 3066 caudinae
1152 3000 1578 3064 blanditiae!
1613 2998 1792 3064 Tute
1823 2998 1951 3063 tibi
1986 2999 2293 3064 caudam
2324 3016 2493 3063 con-

436 3101 725 3165 tinete...
759 3117 895 3164 nec
941 3103 1051 3163 est
1082 3098 1270 3181 quod
1302 3115 1589 3162 muscas
1636 3097 1729 3162 ab
1762 3114 1885 3161 ore
1918 3113 2173 3161 arceas
2205 3096 2490 3160 flabello

435 3204 587 3263 tam
620 3198 921 3279 lepido...
955 3198 1207 3279 Apage
1238 3197 1545 3261 caudam
1596 3213 1641 3261 a
1688 3196 1837 3259 me!
1884 3195 2059 3259 hero
2090 3200 2212 3259 tuo
2244 3195 2495 3259 subco-

437 3298 708 3361 daneas
753 3297 928 3360 istas
974 3295 1366 3360 blanditias
1412 3300 1561 3358 tam
1610 3310 1871 3357 suaves
1918 3292 2295 3357 ventilal...

526 3588 714 3654 Pom.
743 3626 826 3635 —-
854 3589 989 3654 Dic
1013 3590 1119 3654 illi
1143 3589 1390 3653 bene...
1414 3587 1523 3653 Ne
1548 3588 2035 3653 subirascatur
2060 3587 2291 3652 vide...
2316 3587 2490 3670 Age,

437 3686 805 3752 Arionice!
870 3705 1029 3769 age,
1093 3686 1455 3769 Cyllarice
1514 3686 1759 3751 heros!
1822 3686 2087 3750 sentiat
2149 3689 2222 3750 te
2280 3684 2494 3749 herus

435 3789 598 3849 tuus
659 3784 1190 3865 hilarissimum,
1253 3784 1538 3865 quando
1598 3784 1749 3866 ipse
1812 3783 2285 3848 hilarissimus
2347 3798 2487 3847 es...
