2844 4375
443 218 530 284 58
1300 231 1641 282 ΡοΝΤΑΝο

445 361 673 426 multa
706 361 919 426 etiam
970 378 1159 444 aqua
1206 360 1629 444 neglexeris.
1665 359 1854 426 Nihil
1896 361 2088 425 enim
2124 365 2499 444 tantopere

444 460 536 524 ab
582 459 717 523 hoc
765 459 1041 524 arboris
1089 475 1352 542 genere
1397 458 1623 541 frigus
1671 463 1893 540 arcet,
1928 475 2143 541 quam
2191 458 2500 542 frigidis-

443 556 642 622 simis
695 557 912 622 etiam
979 556 1226 622 diebus
1288 556 1575 621 assidua
1638 557 2000 638 irrigatio:
2063 558 2251 639 quod
2312 558 2496 622 ratio

443 656 600 739 ipsa
662 657 902 727 docet.
981 655 1340 737 Siquidem
1424 656 1685 737 hyeme
1761 656 1940 737 ipsa,
2018 660 2498 738 concretoque

441 753 1012 838 septemtrionali
1073 755 1248 818 flatu
1309 771 1499 834 aere,
1556 754 1677 835 qui
1739 757 1980 818 terrae
2031 754 2231 818 calor
2290 755 2497 835 inest,

443 854 675 936 magis
722 857 940 934 atque
987 853 1218 934 magis
1264 853 1336 916 in
1385 869 1463 916 se
1511 852 1811 933 cogitur,
1862 869 2027 916 cum
2076 869 2495 934 evaporare,

441 956 785 1017 concreta
831 951 995 1032 gelu
1043 955 1283 1015 terrae
1328 950 1706 1032 superficie
1756 968 1844 1014 ac
1892 951 2062 1034 solo,
2112 953 2442 1033 nequeat.

530 1048 884 1132 Quocirca
947 1066 1110 1112 cum
1161 1047 1377 1113 arbor
1431 1048 1612 1112 haec
1674 1047 2041 1114 siticulosa
2102 1048 2195 1112 sit
2257 1048 2501 1112 admo-

439 1147 630 1226 dum,
695 1150 1110 1228 tepescente
1179 1150 1418 1209 terrae
1482 1146 1662 1225 sinu,
1728 1163 1989 1227 aquam
2054 1147 2147 1210 ad
2216 1146 2499 1210 radices

439 1244 895 1326 appetentius
943 1243 1186 1325 trahit,
1236 1261 1378 1324 qua
1425 1243 1501 1306 in
1549 1242 1970 1307 alimentum
2019 1261 2254 1325 versa,
2288 1243 2497 1308 robu—

437 1343 726 1407 stiorem
803 1359 958 1406 sese
1035 1342 1380 1405 adversus
1452 1340 1676 1423 frigus
1740 1341 1923 1423 agit;
1998 1359 2232 1424 neque
2304 1341 2496 1405 enim

437 1458 862 1506 exarescere
895 1457 1190 1505 succum
1226 1440 1516 1522 patitur,
1548 1440 1844 1522 perinde
1874 1457 1962 1504 ac
1989 1445 2315 1504 materno
2346 1439 2498 1505 fota

435 1539 597 1604 sinu
641 1538 1167 1620 huberibusque
1217 1537 1516 1602 nutricis
1560 1538 1871 1602 admota.

526 1637 636 1701 Ad
668 1637 849 1702 haec
883 1636 1268 1700 arbuscula
1298 1637 1457 1718 ipsa
1489 1635 1583 1700 ad
1614 1653 1965 1701 summam
2001 1652 2185 1717 pene
2224 1639 2493 1701 terram

437 1735 655 1800 fibras
687 1735 907 1800 etiam
941 1735 1307 1816 plurimaS,
1343 1733 1861 1816 capillamenta
1901 1733 2104 1814 quasi
2138 1733 2493 1814 quaedam

439 1833 610 1915 agit,
659 1838 733 1896 et
792 1833 1076 1914 quidem
1127 1832 1625 1909 minutissima,
1668 1849 1852 1913 quae
1900 1830 2205 1912 glebulis
2250 1830 2496 1896 inhae-

435 1936 697 2011 renteS,
746 1930 1050 1994 multum
1110 1930 1278 1993 inde
1325 1946 1619 1994 succum
1676 1928 2005 2010 ebibunt3
2052 1929 2191 1993 hae
2252 1934 2494 1993 autem

434 2029 635 2112 ipsae
697 2028 1028 2110 glebulae
1094 2032 1170 2091 ut
1225 2029 1456 2109 magis
1518 2045 1603 2091 ac
1670 2027 1903 2109 magis
1963 2027 2495 2108 capillamentis

433 2128 607 2212 ipsis
668 2131 960 2210 propter
1011 2126 1282 2192 humidi
1330 2127 1479 2191 vim
1543 2125 2043 2208 conciliantur,
2091 2126 2195 2191 sic
2250 2142 2494 2191 rursus

434 2225 771 2291 sicciores
803 2226 1107 2290 effectae
1131 2226 1555 2307 penitusque
1589 2228 1955 2303 exsuctae,
1979 2225 2496 2307 capillamenta

438 2326 848 2390 destituunt.
899 2323 1099 2405 Quod
1147 2324 1435 2388 assidua
1482 2324 1769 2405 quidem
1832 2324 2157 2405 irrigatio
2206 2323 2493 2387 omnino

433 2423 782 2507 prohibet.
846 2423 1054 2487 Hanc
1111 2422 1200 2486 ob
1256 2440 1411 2486 rem
1474 2428 1626 2486 tum
1692 2425 1968 2486 aestate
2032 2426 2183 2485 tum
2230 2421 2490 2502 hyeme

436 2526 839 2605 opportuna
883 2521 1302 2603 irrigatione
1349 2521 1669 2585 iuvanda
1716 2525 1842 2584 est.

523 3208 680 3272 Par.
709 3244 792 3253 —-
821 3208 1028 3273 Ratio
1052 3208 1232 3271 haec
1258 3207 1867 3288 colendarumque
1890 3206 2262 3271 citriorum
2291 3222 2488 3288 cura,

435 3307 706 3389 ingenii
751 3306 1308 3387 haudquaquam
1359 3305 1733 3369 delirantis
1780 3304 2009 3369 videri
2042 3309 2295 3387 potest.
2331 3304 2488 3369 Non

429 3405 620 3468 male
667 3404 888 3487 igitur
942 3403 1310 3469 nobiscum
1379 3403 1640 3485 agitur,
1689 3420 1824 3467 nec
1872 3406 1981 3467 est
2036 3404 2223 3485 quod
2270 3402 2489 3467 Musis

430 3501 704 3584 gratias
752 3520 892 3566 non
943 3518 1262 3585 agamus

521 3598 681 3664 Pon.
709 3636 796 3646 -
820 3599 921 3663 Te
952 3617 1146 3681 vero,
1173 3599 1271 3664 mi
1303 3598 1586 3664 Faselio
1620 3598 1832 3681 (quod
1864 3603 2236 3663 servatum
2268 3598 2489 3662 etiam

433 3697 734 3763 mirifice
793 3698 1042 3777 laudo)
1103 3698 1459 3779 inspicere
1522 3714 1688 3762 cum
1757 3696 2009 3779 primis
2068 3696 2311 3779 velim,
2374 3712 2487 3777 ne,

431 3798 629 3859 terra
689 3794 1035 3859 imbribus
1098 3794 1579 3876 madescente‚
1628 3795 1915 3877 plantas
1968 3792 2337 3859 scrobibus
2382 3792 2489 3857 in-
