2844 4375
453 211 538 279 26
882 282 888 288 ,
1304 223 1641 276 PoN'rANo

453 356 544 420 Et
588 355 755 436 iam,
807 359 884 419 ut
930 354 1158 433 vide0‚
1194 371 1529 436 agrorum
1567 369 1845 435 quoque
1876 350 2099 416 facies
2131 349 2498 414 immutari

449 455 780 534 coepit3...
832 452 1071 516 nescio
1113 470 1249 534 quo
1285 452 1493 516 modo
1526 469 1652 515 aer
1688 451 1839 532 ipse
1874 449 2175 514 laetiora
2207 447 2499 530 promit-

453 552 600 616 tit...
639 551 785 632 Ego
819 551 1104 632 quidem
1141 551 1434 614 somniis
1467 549 1638 631 ipsis
1677 550 1888 614 fidem
1936 548 2054 613 vel
2104 545 2497 610 maximam

449 668 708 714 censeo
757 649 1257 730 adhibendam,
1291 649 1643 731 quando...
1696 648 2021 712 noctibus
2067 646 2242 710 his...
2278 639 2497 726 equos

449 749 522 814 in
570 748 792 813 boves
829 748 1448 827 verti,.castaneas
1482 747 1771 811 arbores
1805 746 2005 810 abire
2056 743 2375 808 vinarias
2422 742 2498 806 in

451 864 676 929 cupas
723 847 1088 910 somnians
1136 845 1506 909 viderim...
1541 843 1722 925 Quid
1771 843 2134 908 somnians
2180 841 2363 905 haec
2402 839 2497 904 vi-

451 945 679 1009 derim
698 943 794 1009 ‘?...
855 943 1073 1007 fictile
1139 943 1575 1006 ministranti
1632 943 1801 1007 mihi
1866 958 2164 1006 aureum
2226 931 2497 1004 factum

451 1044 571 1126 qui
636 1041 1034 1107 senserim?
1097 1042 1324 1106 Mox...
1377 1041 1855 1107 monetarium
1919 1041 2011 1104 ad
2074 1039 2524 1121 magistrum-

451 1142 806 1225 perlatum
872 1141 948 1204 in
1011 1159 1338 1205 nummos
1406 1141 1713 1221 fluere‚...
1778 1140 2141 1220 aliumque
2203 1155 2297 1201 ex
2357 1135 2499 1200 alio

457 1243 828 1307 nummum
877 1239 1140 1321 gigni...
1189 1239 1709 1321 confestimque
1766 1239 1839 1302 in
1903 1236 2267 1303 cumulum
2332 1251 2499 1298 con-

454 1337 628 1421 geri,
671 1355 927 1418 meque
953 1355 1036 1401 eo
1069 1337 1356 1402 cumulo
1390 1337 1593 1402 obrui
1614 1339 1695 1402 2...
1722 1335 2179 1402 Coniectores
2212 1333 2496 1416 quidem

451 1437 586 1520 ipsi
636 1436 989 1500 somnium
1038 1436 1171 1500 sibi
1220 1436 1612 1518 conijciant
1660 1439 1736 1499 ut
1782 1435 2069 1512 volunt3
2121 1431 2292 1496 mihi
2339 1447 2500 1512 pro-

447 1534 638 1599 fecto
687 1533 852 1616 paci
918 1532 1146 1615 magis
1207 1534 1545 1598 creditur.
1595 1533 1791 1597 Abeo
1854 1533 1925 1596 in
1993 1531 2307 1595 urbem...
2355 1527 2499 1592 Vos

454 1633 743 1698 domum
795 1639 1141 1697 exornate
1191 1633 1475 1714 qualem
1527 1651 1671 1714 pax
1720 1632 2007 1715 exigit...
2057 1632 2169 1710 (et
2222 1625 2499 1692 somnia

452 1731 636 1796 haec
684 1731 841 1812 ipsa
887 1731 1198 1810 volunt).

1428 2539 1520 2605 II.

959 2758 1180 2843 Caupo
1189 2784 1216 2842 ;
1273 2756 1525 2824 Chorus
1569 2760 1993 2824 sacerdotum.
2096 2814 2100 2819 .

543 2970 612 3041 0.
647 3010 736 3021 —
765 2972 968 3055 Quod
1016 2974 1188 3039 mihi
1238 2975 1555 3057 meisque
1620 2973 2258 3053 contubernalibus
2319 2972 2496 3037 felix

383 3120 387 3123 -
447 3090 536 3138 ac
605 3073 918 3137 faustum
987 3074 1099 3154 sit,
1163 3074 1457 3138 deorum
1520 3072 2158 3156 supplicationibus
2230 3070 2501 3135 Urbem

449 3174 878 3256 occupatam
933 3172 1288 3237 invenio...
1339 3170 1569 3252 Quam
1626 3171 1821 3235 laeta
1874 3171 2116 3253 populi
2171 3170 2501 3251 frequen-

335 3308 339 3313 ·
445 3270 652 3336 tial...
703 3288 922 3353 quam
971 3287 1278 3335 canorus
1325 3271 1777 3336 sacerdotum
1826 3269 2119 3334 chorus!

527 3482 631 3541 Oh.
669 3516 742 3525 -
973 3503 1002 3537 <x
1029 3484 1239 3540 Pacem
1287 3484 1439 3539 coeli
1481 3486 1699 3539 Rector
1741 3486 1984 3556 popule,

971 3595 998 3622 a:
1033 3573 1242 3629 Pacem
1289 3578 1487 3627 torrae
1528 3568 1721 3627 Tutor
1761 3568 2071 3643 peperit...

545 3771 612 3839 G.
651 3812 734 3821 -
769 3774 827 3841 Ο
874 3776 1056 3841 bene
1105 3777 1501 3842 ominatum
1550 3780 1882 3843 carmen!
