2844 4375
440 237 526 306 56
577 301 584 306 .
1293 253 1631 304 PoN'rANo

437 387 654 465 atque
724 381 992 446 infelici
1064 400 1104 447 e
1173 386 1379 463 parte
1450 382 1641 463 lecti,
1714 386 1791 446 ut
1866 381 1986 464 qui
2056 386 2493 447 enascantur

437 485 806 562 tamquam
871 480 1160 544 inutiles
1223 484 1438 562 atque
1500 481 2039 562 superfluenteS,
2092 480 2355 561 quique
2416 481 2490 544 in

436 579 742 662 fragella
788 579 1017 642 solum
1065 582 1348 657 exeant,
1398 595 1535 642 nec
1581 578 1639 641 si
1690 596 1829 641 non
1895 577 2350 658 eruncentur,
2399 579 2491 641 ad

436 677 744 741 fructum
781 677 998 740 etiam
1049 677 1308 740 multos
1355 682 1514 758 post
1554 694 1779 740 annos
1816 675 2161 740 veniant?
2208 676 2289 740 In
2340 676 2491 758 qui-

435 775 587 856 bUS,
657 779 948 856 propter
1017 775 1526 855 proceritatem
1596 774 1849 856 ipsam,
1922 774 2098 838 nihil
2168 779 2276 838 est
2334 773 2487 838 iure

437 874 624 955 quod
669 873 941 937 laudes,
1752 878 1757 884 ”
2441 945 2444 948 ,

525 969 756 1051 Quam
805 971 1090 1052 quidem
1138 970 1643 1052 provocandae
1698 970 2057 1034 feracitati
2106 970 2366 1034 mirum
2413 970 2487 1033 in

437 1069 719 1133 modum
759 1069 1072 1132 alienam
1107 1071 1312 1149 (esse)
1360 1068 1809 1150 experientia
1854 1067 2010 1149 ipsa
2050 1069 2290 1148 docet;
2325 1067 2489 1132 inde

437 1171 678 1231 autem
700 1164 990 1250 fragella
1014 1167 1228 1246 dicta,
1255 1167 1442 1248 quod
1474 1167 1769 1248 perinde
1795 1184 1883 1231 ac
1908 1167 2211 1249 inutilia,
2237 1166 2491 1230 refrin—

437 1265 672 1348 genda
703 1265 1242 1346 praecipiantur
1288 1265 1441 1346 ipso
1490 1283 1529 1330 e
1576 1265 1837 1346 stipite.
1874 1263 2226 1345 Quocirca
2255 1265 2491 1330 obser-

395 1381 612 1446 ·vare
660 1367 730 1426 te
779 1379 942 1427 cum
992 1363 1242 1444 primis
1288 1364 1508 1426 velim
1555 1380 1861 1444 ramum,
1908 1364 2238 1443 solarem,
2271 1363 2493 1444 frugi-

435 1462 686 1541 ferum,
735 1462 1122 1542 valentem,
1171 1479 1210 1524 e
1273 1478 1410 1542 quo
1460 1461 1827 1526 surculum
1885 1461 2106 1542 legas,
2155 1460 2310 1524 Hoc
2373 1459 2493 1524 ubi

433 1559 712 1640 feceris,
761 1577 901 1623 non
966 1563 1074 1624 est
1136 1560 1322 1640 quod
1376 1563 1447 1623 te
1512 1562 1839 1640 oporteat
1901 1559 2491 1623 detrimentorum

433 1658 650 1722 lunae
712 1674 962 1721 curam
1011 1661 1287 1720 tantam
1336 1657 1735 1739 suscipere;
1786 1675 1926 1721 non
1978 1657 2163 1738 quod
2212 1673 2353 1720 non
2417 1660 2489 1720 et

434 1755 570 1820 hoc
616 1755 768 1837 ipse
817 1773 1255 1838 magnopere
1303 1755 1619 1837 probem,
1654 1791 1743 1802 —
1773 1760 1945 1820 tunc
1994 1756 2185 1819 enim
2232 1771 2489 1820 succus

433 1854 585 1936 ipse
631 1854 949 1918 coactior
997 1860 1212 1934 atque
1261 1855 1587 1936 vegetior
1648 1858 1776 1935 est,
1827 1859 1899 1918 et
1945 1854 2282 1936 glutinosi
2328 1854 2487 1936 plus

433 1952 650 2017 habet
681 1987 788 2034 —,
823 1952 948 2016 sed
997 1952 1181 2034 quod
1229 1953 1452 2017 nolim
1515 1956 1779 2017 cuncta
1826 1957 1899 2016 te
1948 1953 2039 2016 ad
2086 1953 2333 2016 lunam
2382 1969 2490 2016 re-

432 2051 641 2131 ferre,
689 2051 973 2132 quando
1023 2055 1094 2114 et
1141 2067 1259 2114 ars
1307 2051 1692 2132 plurimum
1741 2051 1933 2115 hanc
1983 2051 2076 2115 ad
2122 2067 2277 2115 rem
2324 2068 2491 2115 con-

433 2148 638 2213 ferat.
819 2143 826 2152 '

523 2246 700 2312 Cum
734 2247 949 2328 plena
995 2248 1214 2311 etiam
1265 2247 1438 2311 luna
1484 2247 1894 2311 insitionem
1936 2249 2201 2329 optime
2234 2247 2489 2311 cedere

433 2345 882 2426 saepiuscule
943 2346 1078 2409 sim
1143 2349 1499 2426 expertus,
1532 2380 1623 2390 --
1653 2348 1825 2409 tunc
1874 2346 2065 2409 enim
2128 2345 2492 2427 procerior

434 2442 646 2507 arbor
677 2443 1031 2524 provenit,
1065 2446 1280 2524 atque
1327 2444 1401 2506 in
1450 2461 1709 2507 conum
1744 2442 2146 2507 orbiculata
2178 2443 2487 2523 quadam

431 2540 670 2622 specie
702 2540 1066 2605 honestius
1113 2541 1580 2622 protenditur.
1631 2540 1781 2605 Nec
1830 2545 1900 2605 te
1950 2540 2332 2622 poeniteat,
2371 2539 2489 2604 ubi

431 2639 860 2704 luxuriosior
906 2640 1239 2720 creverit,
1273 2640 1483 2704 annis
1523 2639 2080 2721 insequentibus,
2114 2639 2489 2703 imminuto

431 2738 648 2802 lunae
693 2738 983 2818 lumine,
1033 2739 1425 2820 amputatis
1470 2738 1790 2818 ramuliS,
1838 2738 2197 2802 luxuriem
2258 2738 2489 2819 ipsam

435 2871 524 2882 —
554 2854 646 2899 ne
695 2836 1038 2900 maiorem
1072 2837 1146 2900 in
1181 2836 1692 2917 proceritatem
1726 2839 1941 2899 exeat
1968 2873 2051 2880 —
2077 2835 2267 2900 falce
2299 2853 2491 2899 com-

434 2952 748 3017 pescere.
797 2934 948 2998 Nec
995 2952 1167 2998 vero
1199 2970 1288 2981 —-
1319 2936 1507 3016 quod
1553 2934 1843 2999 colonos
1882 2934 2263 2998 nostrateis
2312 2933 2491 2998 latet

437 3069 520 3079 -
546 3050 801 3115 parum
837 3033 1054 3096 etiam
1088 3032 1410 3097 conferet
1435 3033 1527 3096 ad
1551 3032 1903 3097 insitionis
1927 3032 2486 3097 foecunditatem

433 3130 716 3213 igniferi
781 3130 972 3195 orbis
1033 3130 1380 3212 cognitio;
1429 3130 1564 3195 hoc
1613 3135 1721 3195 est
1783 3148 1967 3212 quae
2030 3130 2257 3212 signa,
2307 3130 2491 3193 inse-

431 3229 636 3293 rendi
697 3232 1040 3311 tempore,
1095 3228 1269 3292 luna
1329 3232 1687 3310 peragret,
1745 3245 1883 3310 quo
1948 3228 2167 3291 etiam
2232 3245 2271 3291 e
2331 3227 2491 3291 loco

431 3326 817 3391 Saturnum
849 3327 1234 3407 intueatur,
1268 3326 1473 3390 cuius
1504 3326 1715 3390 stella
1753 3326 1918 3389 inde
1951 3326 2043 3390 sit
2074 3325 2269 3389 dicta
2302 3324 2489 3407 quod

433 3424 878 3506 potissimum
926 3424 1113 3489 satui
1162 3425 1451 3506 praesit,
1488 3442 1652 3487 cum
1699 3424 1791 3488 sit
1839 3424 1949 3489 vis
1997 3424 2148 3488 eius
2197 3428 2488 3488 terrena

435 3540 520 3586 ac
567 3522 954 3588 seminibus
1000 3540 1334 3605 praeesse
1379 3523 1865 3604 intellegatur.

522 3619 708 3683 Illud
756 3626 996 3685 autem
1056 3620 1356 3685 mirifice
1403 3620 1951 3702 improbandum
2013 3626 2230 3702 atque
2278 3636 2492 3684 accu-

432 3719 757 3799 sandum,
807 3718 1109 3799 Faseli0,
1145 3720 1345 3799 duco,
1380 3720 1567 3801 quod
1615 3718 1745 3783 sub
1791 3718 1972 3783 haec
2020 3718 2289 3801 frigora
2336 3722 2487 3782 tam

430 3820 727 3897 repente
775 3834 818 3879 a
865 3817 1465 3898 septentrionibus
1512 3818 1851 3897 excitata,
1893 3818 2137 3882 citrios
2184 3818 2489 3899 irrigare
