2844 4375
439 219 527 285 42
1299 233 1637 286 Pol-immo

526 361 684 427 Par.
710 397 800 410 —-
826 361 1052 427 Maior
1083 379 1199 427 res
1247 363 1551 446 agitur...
1585 362 1801 440 Siste;
1850 364 2156 428 salvel...
2190 361 2343 445 Quo
2377 363 2498 430 te‘?

537 651 698 721 Cha.
729 693 820 703 —
851 653 1006 737 Quo
1052 656 1294 720 asinus
1340 656 1669 738 imperat.

527 753 687 819 Par.
719 789 809 840 7-
842 752 1045 836 Quid,
1095 754 1364 818 malam
1427 754 1502 817 in
1557 756 1747 819 rem!
1780 789 1867 801 —-
1901 755 2291 820 asinarium
2351 756 2493 821 iam

439 870 530 916 ne
577 851 784 936 agis?

533 946 695 1016 Cha.
729 986 815 996 —
847 948 1081 1032 Quid?
1126 950 1371 1014 asinus
1416 951 1569 1032 ipse
1617 968 1732 1014 me
1780 950 1964 1032 agit!

526 1146 686 1210 Par.
728 1181 818 1192 -
855 1145 1033 1224 Iam,
1085 1150 1164 1210 ut
1222 1146 1454 1228 vide0,
1502 1146 1968 1212 deliravimus
1988 1166 2070 1228 3...
2128 1151 2370 1212 actum
2425 1152 2496 1212 et

437 1247 885 1323 transactum
919 1247 1027 1308 est
1056 1243 1144 1308 de
1192 1261 1382 1325 sene,
1433 1247 1512 1308 ut
1557 1243 1786 1308 video.
1820 1243 2145 1326 Explica,
2179 1245 2494 1328 obsecro,

438 1342 606 1424 quid
653 1341 789 1406 hoc
835 1345 964 1422 est,
1013 1342 1200 1424 quod
1248 1342 1491 1406 asinus
1538 1346 1685 1406 tete
1733 1342 1903 1424 agit.

534 1435 694 1504 Cha.
728 1475 817 1486 -
848 1438 1035 1522 Quin
1081 1441 1300 1505 immo
1341 1440 1667 1522 impellit,
1702 1457 1793 1505 ac
1837 1441 2157 1523 proterit.
2207 1440 2313 1506 Tu
2338 1458 2489 1505 rem

439 1538 666 1620 ipsam
717 1537 949 1604 vide...
983 1537 1294 1620 Propero
1341 1539 1436 1602 ad
1483 1539 1799 1603 aerarios
1836 1538 2096 1618 fabroS,
2129 1557 2495 1622 compara-

438 1640 640 1701 turus
687 1636 952 1701 diversi
1002 1637 1286 1719 generis
1347 1636 1856 1717 tintinnabula,
1903 1637 2270 1718 cingulum
2318 1637 2492 1702 item

437 1734 746 1798 sericum
811 1733 1414 1815 diversicolorem,
1465 1735 1753 1816 quicum
1801 1735 2096 1798 intextis
2150 1734 2493 1799 tintinna-

435 1830 623 1896 bulis
671 1831 854 1895 asini
902 1832 1164 1896 collum
1215 1848 1579 1896 exornem.
1628 1830 1928 1895 Flamen
1986 1849 2266 1914 quoque
2328 1850 2493 1915 pur-

437 1946 736 2011 pureum
771 1946 943 1994 auro
990 1929 1458 1993 intertextum
1506 1932 1896 2011 empturus,
1928 1930 2018 1994 ad
2064 1929 2257 1994 illius
2303 1930 2493 1995 fron-

437 2030 582 2091 tem
617 2044 1012 2109 appensum
1047 2032 1307 2091 aurata
1339 2025 1623 2092 fibula...
1651 2027 1945 2108 perinde
1978 2044 2068 2092 ac
2101 2027 2491 2110 flabellum,

437 2124 640 2190 asino
685 2129 984 2190 ventum
1030 2125 1105 2190 in
1152 2126 1393 2191 calore
1439 2125 1627 2208 quod
1674 2124 1934 2190 exciat.

523 2514 683 2579 Par.
715 2552 806 2562 —
837 2514 957 2581 Dii
1005 2516 1206 2580 boni!
1257 2516 1427 2598 quid
1476 2534 1608 2599 ego
1656 2534 1695 2580 e
1742 2515 2078 2583 Chariteo
2126 2517 2372 2581 audio!

531 2608 689 2677 Cha.
723 2650 810 2659 —
845 2611 1026 2695 Quid
1043 2612 1140 2678 ⁴?...
1189 2613 1364 2696 istis,
1428 2613 1679 2696 Parde,
1736 2614 1962 2678 oculis
2021 2614 2335 2679 videas...
2370 2615 2490 2677 do-

435 2730 631 2776 mum
677 2712 738 2776 si
786 2730 1021 2777 meam
1070 2713 1433 2795 ingressus
1490 2712 1743 2777 fueris:
1787 2713 2192 2777 bracteolas
2234 2730 2491 2795 argen-

433 2814 609 2891 teas,
659 2815 954 2874 auratas
1015 2811 1366 2893 lamellas,
1414 2810 1744 2875 flosculos
1805 2811 2024 2874 etiam
2089 2814 2491 2893 gemmatos

433 2926 607 2972 auro
654 2909 1078 2973 intertextos
1125 2909 1324 2973 asino
1372 2908 1637 2991 parari.
1687 2908 1929 2989 Usque
1967 2908 2145 2973 adeo
2176 2926 2343 2973 cum
2377 2926 2490 2972 sa-

430 3006 706 3089 pientia
751 3007 962 3071 simul
995 3007 1230 3072 cultus
1275 3024 1557 3089 quoque
1604 3023 1692 3070 ac
1724 3011 2050 3088 comptus
2084 3006 2173 3070 ad
2208 3006 2487 3070 asinum

431 3105 752 3170 transiit!
787 3103 944 3170 Hoc
974 3105 1108 3169 hoc
1155 3105 1331 3170 illud
1380 3109 1508 3184 est,
1556 3106 1744 3187 quod
1794 3104 1936 3169 dici
1974 3105 2155 3169 solet
2192 3132 2220 3160 ι
2247 3104 2490 3169 omnia

430 3207 713 3285 tempus
759 3220 966 3267 suum
1013 3202 1260 3267 sortito
1307 3202 1745 3284 consequi».
1779 3202 2147 3267 Maiorane
2194 3207 2319 3267 aut
2366 3219 2491 3265 au-

432 3301 586 3366 dire
647 3305 775 3365 aut
834 3302 1100 3367 sentire
1161 3301 1380 3365 vultis
1397 3299 1495 3365 ?...
1530 3300 1921 3382 Epistolam
1984 3300 2223 3383 legite,
2272 3318 2489 3382 quam

431 3416 661 3480 nuper
691 3400 837 3463 suis
879 3418 970 3463 ex
1016 3398 1240 3483 hortis
1287 3403 1529 3463 vester
1573 3416 1794 3463 senex
1822 3434 1906 3444 —
1938 3398 2128 3480 quod
2176 3398 2491 3480 gaudere

361 3496 368 3503 ’
431 3496 688 3579 oppido
739 3498 1020 3562 abunde
1068 3493 1384 3579 potestis,
1434 3497 1525 3561 ad
1571 3496 1954 3579 pueritiam
2021 3497 2165 3561 iam
2214 3513 2491 3578 regres-

429 3596 623 3659 sum!
656 3630 744 3641 -
777 3596 867 3659 ad
915 3612 1031 3659 me
1077 3612 1208 3677 per
1260 3612 1627 3660 cursorem
1691 3612 1905 3677 quam
1954 3594 2490 3659 festinatissime

430 3693 643 3759 misit.

2818 2353 2823 2378 -
2807 2019 2835 2254 -Ἇῶ
2824 1890 2834 1980 -us-
2826 1681 2834 1867 --ψ-,-
