2844 4375
455 227 544 292 30
1309 241 1645 292 Portuno

456 369 816 450 navicula,
889 387 1105 435 aureo
1176 371 1388 447 malo,
1455 370 1635 434 velis
1704 370 1922 435 etiam
1994 371 2232 435 aureis
2250 371 2347 436 2)...
2412 371 2501 436 Et

453 468 590 532 hoc
636 486 917 550 quoque
963 469 1541 550 praestabitur-1...
1594 473 1671 533 ut
1712 469 1787 533 in
1822 470 2218 535 continenti
2256 471 2501 535 deam-

453 566 803 649 bulantes,
852 567 1349 632 Britannicum
1397 567 1656 632 secetis
1710 569 2073 651 pelagus..
2122 569 2356 651 Agite,
2402 570 2503 634 lo-

342 703 348 708 -
454 665 634 730 culi!
683 666 923 748 capite
969 665 1114 730 iam
1163 683 1380 730 auras
1427 666 1585 749 quis
1630 667 1864 731 sinum
1898 667 2363 749 impleatish..
2413 667 2502 732 Et

453 763 622 843 iam,
674 768 750 827 ut
796 763 1026 844 video,
1074 781 1345 828 oceano
1391 763 1622 829 libare
1669 764 2031 846 gliscitis...

544 1428 813 1494 Verum
863 1431 1122 1514 agite...
1171 1431 1569 1515 inspicite...
1618 1432 1987 1496 noscitet...
2036 1431 2385 1498 Britanni'
2412 1449 2503 1496 ne

455 1527 530 1591 hi
577 1534 742 1594 sunt
789 1547 986 1612 quos,
1034 1529 1260 1595 Roma
1307 1530 1866 1612 proficiscentes,
1907 1530 2268 1595 divertere
2314 1529 2503 1594 hanc

457 1625 552 1688 ad
618 1627 1060 1691 meritoriam
1131 1627 1339 1693 video
1357 1626 1455 1692 ⁸?...
1527 1627 1639 1692 An
1710 1645 1825 1692 me
1895 1629 2142 1693 oculus
2203 1626 2498 1692 fallitP...

455 1721 783 1789 Profecto
829 1726 1133 1790 vestitus
1187 1725 1345 1809 ipsa
1408 1725 1806 1790 Britannici
1872 1724 2154 1808 generis
2217 1743 2339 1790 eos
2398 1725 2504 1790 in-

456 1821 713 1886 dicat...
748 1822 1111 1888 Accedam
1145 1824 1501 1906 propius..
1546 1821 1728 1904 Quin
1778 1823 2306 1888 Britannissimi
2368 1822 2503 1904 ipsi

455 1921 722 1984 sunti...
756 1919 975 1985 Vobis
1021 1927 1095 1985 et
1141 1923 1390 1987 urbem
1440 1927 1512 1986 et
1557 1927 1875 2000 cantum,
1916 1923 2346 2003 sacerdotes,
2392 1939 2503 1985 re-

455 2015 737 2099 linquo:
808 2019 981 2084 mihi
1054 2020 1340 2102 quidem
1411 2017 1700 2085 Oceano
1768 2020 2285 2102 cauponariam
2346 2037 2501 2084 rem

455 2115 698 2181 facere
746 2117 1114 2183 decretum
1164 2122 1292 2202 est,
1344 2125 1420 2182 ut
1467 2118 1677 2182 hodie
1735 2119 2028 2183 aureola
2091 2119 2355 2200 cymba
2401 2118 2505 2200 pi-

455 2221 716 2296 scator,
764 2216 1179 2282 Britannico
1226 2219 1301 2281 in
1347 2219 1551 2301 freto,
1599 2235 1897 2283 aureum
1944 2218 2164 2282 etiam
2212 2222 2366 2282 rete
2428 2217 2501 2281 in

456 2313 882 2396 profundum
933 2315 1228 2397 jaciam.
1291 2316 1507 2397 Heus,
1558 2316 1796 2397 pueri!
1862 2315 2227 2381 Bacchum
2275 2315 2348 2380 in
2397 2316 2503 2379 iu-

455 2411 719 2475 dicium
770 2413 861 2478 ad
910 2418 1316 2495 praetorem
1366 2415 1656 2478 vocate!
1710 2414 2198 2479 Dormientem
2258 2419 2502 2477 tamen

455 2509 660 2573 illum
707 2527 953 2575 somno
994 2531 1085 2576 ne
1115 2514 1447 2577 excitetis
1478 2512 1749 2577 iube0...
1784 2511 2036 2594 Quin...
2071 2511 2500 2577 Vernaciolo

455 2606 659 2671 illum
707 2608 888 2673 cado
935 2609 1302 2692 includite,
1350 2628 1462 2690 ne,
1510 2628 1757 2675 somno
1814 2615 2296 2692 experrectuS,
2346 2607 2500 2673 Bri-

457 2706 969 2786 tannicumque
1016 2708 1248 2773 forum
1281 2726 1370 2773 ac
1402 2708 1829 2773 Britannum
1878 2708 2186 2773 iudicem
2221 2708 2501 2783 timens,

454 2801 701 2884 fugam
773 2806 1092 2887 arripiat.
1156 2804 1337 2870 Nam
1409 2812 1484 2870 et
1542 2806 1834 2871 horrida
1902 2823 2066 2886 vox,
2128 2821 2505 2887 sermoque

452 2902 606 2983 ipse
653 2902 1005 2968 horridior
1053 2905 1416 2970 deterrere
1464 2904 1667 2969 illum
1716 2904 2001 2969 abunde
2049 2908 2343 2986 potest...
2392 2902 2497 2967 Tu

455 2999 741 3081 quidem
769 3002 1151 3067 concinere
1183 3002 1342 3067 illos
1373 3003 1559 3085 iube,
1586 3021 1725 3086 quo
1750 3008 1877 3067 aut
1899 3020 2189 3068 somnus
2214 3002 2499 3067 Baccho

456 3098 584 3162 fiat
629 3100 940 3182 suavior,
990 3106 1116 3165 aut
1161 3101 1283 3166 illo
1330 3102 1633 3183 excituS,
1681 3120 1769 3167 ac
1823 3102 2183 3166 suavitate
2245 3104 2502 3165 cantus

455 3195 814 3279 delinitus,
861 3199 1107 3264 ludere
1155 3207 1578 3282 argenteum
1627 3201 1720 3265 ad
1766 3200 2102 3283 poculum
2149 3217 2314 3264 cum
2356 3198 2500 3263 illis

456 3295 720 3376 cupiat.
776 3296 865 3361 Et
926 3297 1000 3361 id
1061 3316 1340 3381 quoque
1402 3302 1789 3381 praestate,
1844 3298 2069 3381 pueri,
2122 3302 2197 3361 ut
2259 3302 2501 3361 nostro

456 3393 531 3456 in
579 3410 769 3476 penu
815 3394 908 3459 sit
954 3396 1076 3479 qui
1121 3395 1422 3478 Graece,
1456 3398 1577 3479 qui
1624 3396 1931 3477 Corsice,
1973 3397 2094 3479 qui
2144 3395 2505 3478 Ligustico

455 3491 703 3556 sciat...
752 3493 1146 3559 etiamnum
1197 3496 1317 3576 qui
1366 3493 1668 3560 Oretice.
