<?xml version="1.0" encoding="UTF-8"?>
<!DOCTYPE html PUBLIC "-//W3C//DTD XHTML 1.0 Transitional//EN"
    "http://www.w3.org/TR/xhtml1/DTD/xhtml1-transitional.dtd">
<html xmlns="http://www.w3.org/1999/xhtml" xml:lang="en" lang="en">
 <head>
  <title>
</title>
<meta http-equiv="Content-Type" content="text/html;charset=utf-8" />
  <meta name='ocr-system' content='tesseract 3.04.00' />
  <meta name='ocr-capabilities' content='ocr_page ocr_carea ocr_par ocr_line ocrx_word'/>
</head>
<body>
  <div class='ocr_page' id='page_1' title='image "./lasinoeilcaront00pontgoog_0060.png"; bbox 0 0 2844 4375; ppageno 0'>
   <div class='ocr_carea' id='block_1_1' title="bbox 435 189 1634 254">
    <p class='ocr_par' dir='ltr' id='par_1_1' title="bbox 435 189 1634 254">
     <span class='ocr_line' id='line_1_1' title="bbox 435 189 1634 254; baseline -0.001 0"><span class='ocrx_word' id='word_1_1' title='bbox 435 189 525 254; x_wconf 82' lang='lat'><strong>54</strong></span> <span class='ocrx_word' id='word_1_2' title='bbox 1297 203 1634 254; x_wconf 73' lang='grc' dir='ltr'><strong>ΡοΝΤΑΝο</strong></span> 
     </span>
    </p>
   </div>
   <div class='ocr_carea' id='block_1_2' title="bbox 433 331 2495 1889">
    <p class='ocr_par' dir='ltr' id='par_1_2' title="bbox 433 331 2495 1102">
     <span class='ocr_line' id='line_1_2' title="bbox 435 331 2493 415; baseline 0 -17"><span class='ocrx_word' id='word_1_3' title='bbox 435 331 788 415; x_wconf 79' lang='lat' dir='ltr'>Quocirca</span> <span class='ocrx_word' id='word_1_4' title='bbox 864 340 1022 415; x_wconf 89' lang='lat' dir='ltr'><strong>post</strong></span> <span class='ocrx_word' id='word_1_5' title='bbox 1099 336 1513 397; x_wconf 79' lang='lat' dir='ltr'><strong>contextam</strong></span> <span class='ocrx_word' id='word_1_6' title='bbox 1592 332 1793 396; x_wconf 90' lang='lat' dir='ltr'><strong>illam</strong></span> <span class='ocrx_word' id='word_1_7' title='bbox 1865 331 2143 396; x_wconf 89' lang='lat' dir='ltr'><strong>marino</strong></span> <span class='ocrx_word' id='word_1_8' title='bbox 2216 351 2256 397; x_wconf 94' lang='lat' dir='ltr'><strong>e</strong></span> <span class='ocrx_word' id='word_1_9' title='bbox 2329 350 2493 398; x_wconf 92' lang='lat' dir='ltr'><strong>rore</strong></span> 
     </span>
     <span class='ocr_line' id='line_1_3' title="bbox 435 430 2495 514; baseline -0 -17"><span class='ocrx_word' id='word_1_10' title='bbox 435 431 876 514; x_wconf 85' lang='lat' dir='ltr'><strong>saepiculam</strong></span> <span class='ocrx_word' id='word_1_11' title='bbox 929 430 1383 496; x_wconf 88' lang='lat' dir='ltr'><strong>insidendum</strong></span> <span class='ocrx_word' id='word_1_12' title='bbox 1446 435 1571 494; x_wconf 88' lang='lat' dir='ltr'><strong>aut</strong></span> <span class='ocrx_word' id='word_1_13' title='bbox 1632 430 2196 496; x_wconf 90' lang='lat' dir='ltr'><strong>delitescendum</strong></span> <span class='ocrx_word' id='word_1_14' title='bbox 2260 432 2495 513; x_wconf 91' lang='lat' dir='ltr'><strong>potius</strong></span> 
     </span>
     <span class='ocr_line' id='line_1_4' title="bbox 434 527 2494 611; baseline 0 -19"><span class='ocrx_word' id='word_1_15' title='bbox 434 528 638 593; x_wconf 89' lang='lat' dir='ltr'><strong>nobis</strong></span> <span class='ocrx_word' id='word_1_16' title='bbox 704 533 980 611; x_wconf 90' lang='lat' dir='ltr'><strong>statuo;</strong></span> <span class='ocrx_word' id='word_1_17' title='bbox 1041 529 1209 593; x_wconf 90' lang='lat' dir='ltr'><strong>inde</strong></span> <span class='ocrx_word' id='word_1_18' title='bbox 1253 529 1541 610; x_wconf 87' lang='lat' dir='ltr'><strong>singula</strong></span> <span class='ocrx_word' id='word_1_19' title='bbox 1588 528 1740 593; x_wconf 88' lang='lat' dir='ltr'><strong>eius</strong></span> <span class='ocrx_word' id='word_1_20' title='bbox 1801 527 2045 610; x_wconf 86' lang='lat' dir='ltr'><strong>verba,</strong></span> <span class='ocrx_word' id='word_1_21' title='bbox 2094 532 2354 611; x_wconf 89' lang='lat' dir='ltr'><strong>gestus,</strong></span> <span class='ocrx_word' id='word_1_22' title='bbox 2404 546 2494 594; x_wconf 89' lang='lat' dir='ltr'><strong>ac</strong></span> 
     </span>
     <span class='ocr_line' id='line_1_5' title="bbox 435 626 2491 710; baseline 0 -18"><span class='ocrx_word' id='word_1_23' title='bbox 435 631 669 692; x_wconf 89' lang='lat' dir='ltr'><strong>motus</strong></span> <span class='ocrx_word' id='word_1_24' title='bbox 701 627 916 691; x_wconf 90' lang='lat' dir='ltr'><strong>etiam</strong></span> <span class='ocrx_word' id='word_1_25' title='bbox 967 627 1285 710; x_wconf 90' lang='lat' dir='ltr'><strong>singulos</strong></span> <span class='ocrx_word' id='word_1_26' title='bbox 1331 626 1904 692; x_wconf 80' lang='lat' dir='ltr'><strong>commodissime</strong></span> <span class='ocrx_word' id='word_1_27' title='bbox 1936 627 2491 709; x_wconf 84' lang='lat' dir='ltr'><strong>aucupabimur3</strong></span> 
     </span>
     <span class='ocr_line' id='line_1_6' title="bbox 435 725 2493 808; baseline 0 -18"><span class='ocrx_word' id='word_1_28' title='bbox 435 726 763 808; x_wconf 89' lang='lat' dir='ltr'><strong>quodque</strong></span> <span class='ocrx_word' id='word_1_29' title='bbox 811 730 884 790; x_wconf 91' lang='lat' dir='ltr'><strong>et</strong></span> <span class='ocrx_word' id='word_1_30' title='bbox 929 726 1096 791; x_wconf 86' lang='lat' dir='ltr'><strong>volo</strong></span> <span class='ocrx_word' id='word_1_31' title='bbox 1144 730 1217 790; x_wconf 87' lang='lat' dir='ltr'><strong>et</strong></span> <span class='ocrx_word' id='word_1_32' title='bbox 1263 725 1496 808; x_wconf 90' lang='lat' dir='ltr'><strong>cupio,</strong></span> <span class='ocrx_word' id='word_1_33' title='bbox 1530 743 1619 790; x_wconf 88' lang='lat' dir='ltr'><strong>ac</strong></span> <span class='ocrx_word' id='word_1_34' title='bbox 1668 725 1802 789; x_wconf 92' lang='lat' dir='ltr'><strong>diis</strong></span> <span class='ocrx_word' id='word_1_35' title='bbox 1847 725 2033 790; x_wconf 90' lang='lat' dir='ltr'><strong>bene</strong></span> <span class='ocrx_word' id='word_1_36' title='bbox 2078 725 2493 790; x_wconf 84' lang='lat' dir='ltr'><strong>iuvantibus</strong></span> 
     </span>
     <span class='ocr_line' id='line_1_7' title="bbox 433 823 2494 906; baseline 0 -18"><span class='ocrx_word' id='word_1_37' title='bbox 433 842 664 906; x_wconf 88' lang='lat' dir='ltr'><strong>spero,</strong></span> <span class='ocrx_word' id='word_1_38' title='bbox 735 829 808 888; x_wconf 90' lang='lat' dir='ltr'><strong>et</strong></span> <span class='ocrx_word' id='word_1_39' title='bbox 881 825 1164 889; x_wconf 86' lang='lat' dir='ltr'><strong>animus</strong></span> <span class='ocrx_word' id='word_1_40' title='bbox 1234 825 1455 889; x_wconf 88' lang='lat' dir='ltr'><strong>etiam</strong></span> <span class='ocrx_word' id='word_1_41' title='bbox 1524 823 1909 906; x_wconf 84' lang='lat' dir='ltr'>praesagit,</span> <span class='ocrx_word' id='word_1_42' title='bbox 1980 824 2226 888; x_wconf 83' lang='lat' dir='ltr'><strong>Musae</strong></span> <span class='ocrx_word' id='word_1_43' title='bbox 2296 825 2494 906; x_wconf 83' lang='lat' dir='ltr'><strong>ipsae</strong></span> 
     </span>
     <span class='ocr_line' id='line_1_8' title="bbox 435 922 2495 1004; baseline -0 -17"><span class='ocrx_word' id='word_1_44' title='bbox 435 923 882 988; x_wconf 78' lang='lat' dir='ltr'><strong>sacerdotem</strong></span> <span class='ocrx_word' id='word_1_45' title='bbox 931 939 1158 1004; x_wconf 92' lang='lat' dir='ltr'><strong>suum,</strong></span> <span class='ocrx_word' id='word_1_46' title='bbox 1206 922 1604 986; x_wconf 84' lang='lat' dir='ltr'><strong>antistitem</strong></span> <span class='ocrx_word' id='word_1_47' title='bbox 1650 940 1879 1004; x_wconf 92' lang='lat' dir='ltr'><strong>suum,</strong></span> <span class='ocrx_word' id='word_1_48' title='bbox 1919 939 2289 987; x_wconf 88' lang='lat' dir='ltr'><strong>sacrorum</strong></span> <span class='ocrx_word' id='word_1_49' title='bbox 2337 940 2495 987; x_wconf 91' lang='lat' dir='ltr'><strong>suo-</strong></span> 
     </span>
     <span class='ocr_line' id='line_1_9' title="bbox 436 1021 2308 1102; baseline 0.001 -18"><span class='ocrx_word' id='word_1_50' title='bbox 436 1036 592 1085; x_wconf 90' lang='lat' dir='ltr'><strong>rum</strong></span> <span class='ocrx_word' id='word_1_51' title='bbox 645 1021 1124 1102; x_wconf 86' lang='lat' dir='ltr'><strong>arcanarium,</strong></span> <span class='ocrx_word' id='word_1_52' title='bbox 1172 1021 1469 1084; x_wconf 90' lang='lat' dir='ltr'><strong>minime</strong></span> <span class='ocrx_word' id='word_1_53' title='bbox 1516 1021 1875 1086; x_wconf 92' lang='lat' dir='ltr'><strong>desertum</strong></span> <span class='ocrx_word' id='word_1_54' title='bbox 1924 1021 2308 1102; x_wconf 88' lang='lat' dir='ltr'><strong>patientur.</strong></span> 
     </span>
    </p>

    <p class='ocr_par' dir='ltr' id='par_1_3' title="bbox 434 1115 2495 1889">
     <span class='ocr_line' id='line_1_10' title="bbox 528 1115 2493 1200; baseline 0.001 -20"><span class='ocrx_word' id='word_1_55' title='bbox 528 1115 664 1183; x_wconf 81' lang='lat' dir='ltr'><strong>Azt.</strong></span> <span class='ocrx_word' id='word_1_56' title='bbox 700 1154 782 1165; x_wconf 89' lang='lat'><strong>--</strong></span> <span class='ocrx_word' id='word_1_57' title='bbox 817 1117 1017 1200; x_wconf 85' lang='lat' dir='ltr'><strong>Quod</strong></span> <span class='ocrx_word' id='word_1_58' title='bbox 1049 1122 1121 1181; x_wconf 92' lang='lat' dir='ltr'><strong>et</strong></span> <span class='ocrx_word' id='word_1_59' title='bbox 1153 1135 1282 1183; x_wconf 92' lang='lat' dir='ltr'><strong>nos</strong></span> <span class='ocrx_word' id='word_1_60' title='bbox 1328 1135 1576 1182; x_wconf 91' lang='lat' dir='ltr'><strong>omnes</strong></span> <span class='ocrx_word' id='word_1_61' title='bbox 1621 1118 1773 1184; x_wconf 89' lang='lat' dir='ltr'><strong>fore</strong></span> <span class='ocrx_word' id='word_1_62' title='bbox 1822 1125 2173 1200; x_wconf 84' lang='lat' dir='ltr'><strong>optamuS‚</strong></span> <span class='ocrx_word' id='word_1_63' title='bbox 2206 1123 2277 1184; x_wconf 91' lang='lat' dir='ltr'><strong>et</strong></span> <span class='ocrx_word' id='word_1_64' title='bbox 2308 1119 2493 1184; x_wconf 81' lang='lat' dir='ltr'><strong>votis</strong></span> 
     </span>
     <span class='ocr_line' id='line_1_11' title="bbox 436 1216 2493 1300; baseline 0 -19"><span class='ocrx_word' id='word_1_65' title='bbox 436 1234 526 1281; x_wconf 83' lang='lat' dir='ltr'><strong>ac</strong></span> <span class='ocrx_word' id='word_1_66' title='bbox 557 1217 926 1299; x_wconf 88' lang='lat' dir='ltr'><strong>suppliciis</strong></span> <span class='ocrx_word' id='word_1_67' title='bbox 958 1221 1336 1299; x_wconf 89' lang='lat' dir='ltr'><strong>acceptum</strong></span> <span class='ocrx_word' id='word_1_68' title='bbox 1385 1217 1603 1282; x_wconf 85' lang='lat' dir='ltr'><strong>Musis</strong></span> <span class='ocrx_word' id='word_1_69' title='bbox 1650 1216 1821 1300; x_wconf 89' lang='lat' dir='ltr'><strong>ipsis</strong></span> <span class='ocrx_word' id='word_1_70' title='bbox 1854 1218 2266 1283; x_wconf 88' lang='lat' dir='ltr'><strong>referemus.</strong></span> <span class='ocrx_word' id='word_1_71' title='bbox 2301 1217 2493 1282; x_wconf 90' lang='lat' dir='ltr'><strong>Deli-</strong></span> 
     </span>
     <span class='ocr_line' id='line_1_12' title="bbox 435 1316 2494 1399; baseline 0.001 -20"><span class='ocrx_word' id='word_1_72' title='bbox 435 1316 758 1380; x_wconf 89' lang='lat' dir='ltr'><strong>tescendi</strong></span> <span class='ocrx_word' id='word_1_73' title='bbox 803 1319 1045 1380; x_wconf 85' lang='lat' dir='ltr'><strong>autem</strong></span> <span class='ocrx_word' id='word_1_74' title='bbox 1093 1316 1491 1396; x_wconf 88' lang='lat' dir='ltr'><strong>consilium,</strong></span> <span class='ocrx_word' id='word_1_75' title='bbox 1541 1333 1705 1380; x_wconf 88' lang='lat' dir='ltr'><strong>mea</strong></span> <span class='ocrx_word' id='word_1_76' title='bbox 1750 1317 2129 1398; x_wconf 90' lang='lat' dir='ltr'><strong>sententia,</strong></span> <span class='ocrx_word' id='word_1_77' title='bbox 2180 1317 2407 1399; x_wconf 86' lang='lat' dir='ltr'><strong>magis</strong></span> <span class='ocrx_word' id='word_1_78' title='bbox 2454 1334 2494 1380; x_wconf 91' lang='lat' dir='ltr'><strong>e</strong></span> 
     </span>
     <span class='ocr_line' id='line_1_13' title="bbox 434 1411 2495 1496; baseline 0.001 -20"><span class='ocrx_word' id='word_1_79' title='bbox 434 1430 515 1477; x_wconf 90' lang='lat' dir='ltr'><strong>re</strong></span> <span class='ocrx_word' id='word_1_80' title='bbox 563 1414 726 1496; x_wconf 86' lang='lat' dir='ltr'><strong>capi</strong></span> <span class='ocrx_word' id='word_1_81' title='bbox 775 1433 918 1477; x_wconf 90' lang='lat' dir='ltr'><strong>non</strong></span> <span class='ocrx_word' id='word_1_82' title='bbox 965 1418 1221 1496; x_wconf 89' lang='lat' dir='ltr'><strong>posset.</strong></span> <span class='ocrx_word' id='word_1_83' title='bbox 1271 1411 1627 1494; x_wconf 85' lang='lat' dir='ltr'><strong>Quocirca</strong></span> <span class='ocrx_word' id='word_1_84' title='bbox 1670 1431 1799 1496; x_wconf 90' lang='lat' dir='ltr'><strong>per</strong></span> <span class='ocrx_word' id='word_1_85' title='bbox 1846 1415 2350 1479; x_wconf 84' lang='lat' dir='ltr'><strong>diverticulum</strong></span> <span class='ocrx_word' id='word_1_86' title='bbox 2400 1415 2495 1478; x_wconf 88' lang='lat' dir='ltr'><strong>ad</strong></span> 
     </span>
     <span class='ocr_line' id='line_1_14' title="bbox 434 1512 2493 1594; baseline 0 -18"><span class='ocrx_word' id='word_1_87' title='bbox 434 1529 748 1594; x_wconf 80' lang='lat' dir='ltr'><strong>saepem,</strong></span> <span class='ocrx_word' id='word_1_88' title='bbox 813 1530 1075 1593; x_wconf 87' lang='lat' dir='ltr'><strong>magno</strong></span> <span class='ocrx_word' id='word_1_89' title='bbox 1145 1513 1451 1593; x_wconf 90' lang='lat' dir='ltr'><strong>silentio,</strong></span> <span class='ocrx_word' id='word_1_90' title='bbox 1513 1512 1841 1594; x_wconf 88' lang='lat' dir='ltr'><strong>passibus</strong></span> <span class='ocrx_word' id='word_1_91' title='bbox 1910 1513 2129 1577; x_wconf 88' lang='lat' dir='ltr'><strong>etiam</strong></span> <span class='ocrx_word' id='word_1_92' title='bbox 2200 1513 2493 1578; x_wconf 91' lang='lat' dir='ltr'><strong>minime</strong></span> 
     </span>
     <span class='ocr_line' id='line_1_15' title="bbox 435 1609 2493 1693; baseline 0 -19"><span class='ocrx_word' id='word_1_93' title='bbox 435 1610 954 1692; x_wconf 84' lang='lat' dir='ltr'><strong>strepentibus</strong></span> <span class='ocrx_word' id='word_1_94' title='bbox 986 1609 1519 1692; x_wconf 86' lang='lat' dir='ltr'><strong>progredimini,</strong></span> <span class='ocrx_word' id='word_1_95' title='bbox 1586 1611 1766 1675; x_wconf 91' lang='lat' dir='ltr'><strong>duce</strong></span> <span class='ocrx_word' id='word_1_96' title='bbox 1844 1629 1983 1688; x_wconf 91' lang='lat' dir='ltr'><strong>me,</strong></span> <span class='ocrx_word' id='word_1_97' title='bbox 2053 1611 2173 1692; x_wconf 91' lang='lat' dir='ltr'><strong>qui</strong></span> <span class='ocrx_word' id='word_1_98' title='bbox 2240 1628 2493 1693; x_wconf 85' lang='lat' dir='ltr'><strong>agrum</strong></span> 
     </span>
     <span class='ocr_line' id='line_1_16' title="bbox 436 1709 2493 1790; baseline 0.001 -18"><span class='ocrx_word' id='word_1_99' title='bbox 436 1726 683 1773; x_wconf 87' lang='lat' dir='ltr'><strong>omnes</strong></span> <span class='ocrx_word' id='word_1_100' title='bbox 714 1709 1172 1790; x_wconf 88' lang='lat' dir='ltr'><strong>singulasque</strong></span> <span class='ocrx_word' id='word_1_101' title='bbox 1201 1709 1622 1773; x_wconf 87' lang='lat' dir='ltr'><strong>arbusculas</strong></span> <span class='ocrx_word' id='word_1_102' title='bbox 1656 1709 2113 1775; x_wconf 85' lang='lat' dir='ltr'><strong>exactissime</strong></span> <span class='ocrx_word' id='word_1_103' title='bbox 2145 1711 2493 1775; x_wconf 88' lang='lat' dir='ltr'><strong>noverim.</strong></span> 
     </span>
     <span class='ocr_line' id='line_1_17' title="bbox 436 1805 1860 1889; baseline 0.001 -19"><span class='ocrx_word' id='word_1_104' title='bbox 436 1805 581 1870; x_wconf 91' lang='lat' dir='ltr'><strong>Vos</strong></span> <span class='ocrx_word' id='word_1_105' title='bbox 629 1812 893 1888; x_wconf 89' lang='lat' dir='ltr'><strong>autem,</strong></span> <span class='ocrx_word' id='word_1_106' title='bbox 940 1808 1164 1889; x_wconf 90' lang='lat' dir='ltr'><strong>pueri,</strong></span> <span class='ocrx_word' id='word_1_107' title='bbox 1211 1807 1330 1872; x_wconf 89' lang='lat' dir='ltr'><strong>hic</strong></span> <span class='ocrx_word' id='word_1_108' title='bbox 1378 1825 1506 1872; x_wconf 89' lang='lat' dir='ltr'><strong>nos</strong></span> <span class='ocrx_word' id='word_1_109' title='bbox 1554 1812 1860 1872; x_wconf 89' lang='lat' dir='ltr'><strong>manete.</strong></span> 
     </span>
    </p>
   </div>
   <div class='ocr_carea' id='block_1_3' title="bbox 1406 2041 1527 2105">
    <p class='ocr_par' dir='ltr' id='par_1_4' title="bbox 1406 2041 1527 2105">
     <span class='ocr_line' id='line_1_18' title="bbox 1406 2041 1527 2105; baseline 0 0"><span class='ocrx_word' id='word_1_110' title='bbox 1406 2041 1527 2105; x_wconf 89' lang='lat' dir='ltr'><strong>VI.</strong></span> 
     </span>
    </p>
   </div>
   <div class='ocr_carea' id='block_1_4' title="bbox 793 2210 2129 2292">
    <p class='ocr_par' dir='ltr' id='par_1_5' title="bbox 793 2210 2129 2292">
     <span class='ocr_line' id='line_1_19' title="bbox 793 2210 2129 2292; baseline 0.002 -19"><span class='ocrx_word' id='word_1_111' title='bbox 793 2210 1151 2288; x_wconf 68' lang='lat' dir='ltr'><strong>Pomanus,</strong></span> <span class='ocrx_word' id='word_1_112' title='bbox 1200 2210 1463 2275; x_wconf 78' lang='lat' dir='ltr'><strong>Faselio</strong></span> <span class='ocrx_word' id='word_1_113' title='bbox 1508 2211 1798 2292; x_wconf 43' lang='lat' dir='ltr'><strong>villicari,</strong></span> <span class='ocrx_word' id='word_1_114' title='bbox 1847 2212 2129 2277; x_wconf 79' lang='lat' dir='ltr'><strong>Pardus,</strong></span> 
     </span>
    </p>
   </div>
   <div class='ocr_carea' id='block_1_5' title="bbox 525 2387 2491 2471">
    <p class='ocr_par' dir='ltr' id='par_1_6' title="bbox 525 2387 2491 2471">
     <span class='ocr_line' id='line_1_20' title="bbox 525 2387 2491 2471; baseline 0.002 -22"><span class='ocrx_word' id='word_1_115' title='bbox 525 2387 713 2453; x_wconf 78' lang='lat' dir='ltr'><strong>Pont.</strong></span> <span class='ocrx_word' id='word_1_116' title='bbox 747 2426 830 2433; x_wconf 90' lang='lat'>—</span> <span class='ocrx_word' id='word_1_117' title='bbox 862 2387 1166 2453; x_wconf 88' lang='lat' dir='ltr'><strong>Tantam</strong></span> <span class='ocrx_word' id='word_1_118' title='bbox 1215 2389 1427 2452; x_wconf 92' lang='lat' dir='ltr'><strong>istam</strong></span> <span class='ocrx_word' id='word_1_119' title='bbox 1470 2389 1829 2453; x_wconf 87' lang='lat' dir='ltr'><strong>inserendi</strong></span> <span class='ocrx_word' id='word_1_120' title='bbox 1877 2390 2325 2471; x_wconf 83' lang='lat' dir='ltr'><strong>diligentiam</strong></span> <span class='ocrx_word' id='word_1_121' title='bbox 2371 2390 2491 2453; x_wconf 86' lang='lat' dir='ltr'><strong>vel</strong></span> 
     </span>
    </p>
   </div>
   <div class='ocr_carea' id='block_1_6' title="bbox 339 2486 2494 2568">
    <p class='ocr_par' dir='ltr' id='par_1_7' title="bbox 339 2486 2494 2568">
     <span class='ocr_line' id='line_1_21' title="bbox 339 2486 2494 2568; baseline 0 -16"><span class='ocrx_word' id='word_1_122' title='bbox 339 2508 344 2512; x_wconf 91' lang='lat'>·</span> <span class='ocrx_word' id='word_1_123' title='bbox 434 2488 771 2568; x_wconf 90' lang='lat' dir='ltr'><strong>admiror,</strong></span> <span class='ocrx_word' id='word_1_124' title='bbox 820 2486 1136 2567; x_wconf 83' lang='lat' dir='ltr'><strong>Faseli03</strong></span> <span class='ocrx_word' id='word_1_125' title='bbox 1185 2486 1483 2551; x_wconf 89' lang='lat' dir='ltr'><strong>nimiam</strong></span> <span class='ocrx_word' id='word_1_126' title='bbox 1532 2491 1778 2551; x_wconf 88' lang='lat' dir='ltr'><strong>tamen</strong></span> <span class='ocrx_word' id='word_1_127' title='bbox 1841 2488 2040 2552; x_wconf 89' lang='lat' dir='ltr'><strong>illam</strong></span> <span class='ocrx_word' id='word_1_128' title='bbox 2109 2488 2494 2553; x_wconf 90' lang='lat' dir='ltr'><strong>detrimen-</strong></span> 
     </span>
    </p>
   </div>
   <div class='ocr_carea' id='block_1_7' title="bbox 435 2584 2497 3846">
    <p class='ocr_par' dir='ltr' id='par_1_8' title="bbox 435 2584 2497 3729">
     <span class='ocr_line' id='line_1_22' title="bbox 436 2584 2493 2669; baseline 0 -20"><span class='ocrx_word' id='word_1_129' title='bbox 436 2588 669 2650; x_wconf 89' lang='lat' dir='ltr'><strong>torum</strong></span> <span class='ocrx_word' id='word_1_130' title='bbox 747 2586 962 2649; x_wconf 88' lang='lat' dir='ltr'><strong>lunae</strong></span> <span class='ocrx_word' id='word_1_131' title='bbox 1041 2584 1638 2666; x_wconf 88' lang='lat' dir='ltr'><strong>observationem,</strong></span> <span class='ocrx_word' id='word_1_132' title='bbox 1718 2586 2192 2650; x_wconf 86' lang='lat' dir='ltr'><strong>arcessendae</strong></span> <span class='ocrx_word' id='word_1_133' title='bbox 2268 2586 2493 2669; x_wconf 86' lang='lat' dir='ltr'><strong>frugis</strong></span> 
     </span>
     <span class='ocr_line' id='line_1_23' title="bbox 437 2682 2493 2767; baseline 0.001 -20"><span class='ocrx_word' id='word_1_134' title='bbox 437 2684 694 2767; x_wconf 85' lang='lat' dir='ltr'><strong>gratia,</strong></span> <span class='ocrx_word' id='word_1_135' title='bbox 721 2684 884 2765; x_wconf 75' lang='lat' dir='ltr'><strong>Jure</strong></span> <span class='ocrx_word' id='word_1_136' title='bbox 917 2682 1203 2765; x_wconf 91' lang='lat' dir='ltr'><strong>quidem</strong></span> <span class='ocrx_word' id='word_1_137' title='bbox 1250 2684 1811 2765; x_wconf 88' lang='lat' dir='ltr'><strong>improbaverim</strong></span> <span class='ocrx_word' id='word_1_138' title='bbox 1848 2685 2173 2749; x_wconf 91' lang='lat' dir='ltr'><strong>multum.</strong></span> <span class='ocrx_word' id='word_1_139' title='bbox 2207 2684 2493 2749; x_wconf 88' lang='lat' dir='ltr'><strong>Etenim</strong></span> 
     </span>
     <span class='ocr_line' id='line_1_24' title="bbox 435 2781 2493 2865; baseline 0 -19"><span class='ocrx_word' id='word_1_140' title='bbox 435 2783 668 2865; x_wconf 89' lang='lat' dir='ltr'><strong>ipsam</strong></span> <span class='ocrx_word' id='word_1_141' title='bbox 699 2781 900 2845; x_wconf 87' lang='lat' dir='ltr'><strong>illam</strong></span> <span class='ocrx_word' id='word_1_142' title='bbox 951 2781 1122 2861; x_wconf 88' lang='lat' dir='ltr'><strong>vim,</strong></span> <span class='ocrx_word' id='word_1_143' title='bbox 1170 2799 1314 2863; x_wconf 91' lang='lat' dir='ltr'><strong>qua</strong></span> <span class='ocrx_word' id='word_1_144' title='bbox 1359 2782 1635 2846; x_wconf 88' lang='lat' dir='ltr'><strong>fructus</strong></span> <span class='ocrx_word' id='word_1_145' title='bbox 1666 2783 1970 2863; x_wconf 87' lang='lat' dir='ltr'><strong>elicitur,</strong></span> <span class='ocrx_word' id='word_1_146' title='bbox 2020 2800 2161 2847; x_wconf 91' lang='lat' dir='ltr'><strong>non</strong></span> <span class='ocrx_word' id='word_1_147' title='bbox 2212 2786 2358 2847; x_wconf 91' lang='lat' dir='ltr'><strong>tam</strong></span> <span class='ocrx_word' id='word_1_148' title='bbox 2400 2784 2493 2847; x_wconf 90' lang='lat' dir='ltr'><strong>ad</strong></span> 
     </span>
     <span class='ocr_line' id='line_1_25' title="bbox 438 2879 2491 2964; baseline 0 -20"><span class='ocrx_word' id='word_1_149' title='bbox 438 2880 724 2945; x_wconf 91' lang='lat' dir='ltr'><strong>ultimos</strong></span> <span class='ocrx_word' id='word_1_150' title='bbox 793 2879 952 2944; x_wconf 93' lang='lat' dir='ltr'><strong>illos</strong></span> <span class='ocrx_word' id='word_1_151' title='bbox 1020 2880 1473 2961; x_wconf 87' lang='lat' dir='ltr'><strong>properantis</strong></span> <span class='ocrx_word' id='word_1_152' title='bbox 1544 2881 1637 2945; x_wconf 92' lang='lat' dir='ltr'><strong>ad</strong></span> <span class='ocrx_word' id='word_1_153' title='bbox 1698 2882 1963 2945; x_wconf 90' lang='lat' dir='ltr'><strong>coitum</strong></span> <span class='ocrx_word' id='word_1_154' title='bbox 2033 2882 2250 2945; x_wconf 87' lang='lat' dir='ltr'><strong>lunae</strong></span> <span class='ocrx_word' id='word_1_155' title='bbox 2320 2882 2491 2964; x_wconf 89' lang='lat' dir='ltr'><strong>dies,</strong></span> 
     </span>
     <span class='ocr_line' id='line_1_26' title="bbox 439 2977 2493 3061; baseline 0.001 -20"><span class='ocrx_word' id='word_1_156' title='bbox 439 2996 653 3059; x_wconf 89' lang='lat' dir='ltr'><strong>quam</strong></span> <span class='ocrx_word' id='word_1_157' title='bbox 687 2978 780 3041; x_wconf 90' lang='lat' dir='ltr'><strong>ad</strong></span> <span class='ocrx_word' id='word_1_158' title='bbox 825 2978 1148 3042; x_wconf 91' lang='lat' dir='ltr'><strong>surculos</strong></span> <span class='ocrx_word' id='word_1_159' title='bbox 1195 2977 1384 3059; x_wconf 89' lang='lat' dir='ltr'><strong>ipsos</strong></span> <span class='ocrx_word' id='word_1_160' title='bbox 1415 2978 1870 3043; x_wconf 85' lang='lat' dir='ltr'><strong>referendam</strong></span> <span class='ocrx_word' id='word_1_161' title='bbox 1910 2982 2180 3059; x_wconf 89' lang='lat' dir='ltr'><strong>statuo;</strong></span> <span class='ocrx_word' id='word_1_162' title='bbox 2230 2980 2493 3061; x_wconf 90' lang='lat' dir='ltr'><strong>quippe</strong></span> 
     </span>
     <span class='ocr_line' id='line_1_27' title="bbox 437 3075 2494 3160; baseline 0 -20"><span class='ocrx_word' id='word_1_163' title='bbox 437 3075 558 3141; x_wconf 91' lang='lat' dir='ltr'><strong>ubi</strong></span> <span class='ocrx_word' id='word_1_164' title='bbox 605 3094 644 3139; x_wconf 95' lang='lat' dir='ltr'><strong>e</strong></span> <span class='ocrx_word' id='word_1_165' title='bbox 691 3094 894 3140; x_wconf 89' lang='lat' dir='ltr'><strong>ramo</strong></span> <span class='ocrx_word' id='word_1_166' title='bbox 943 3075 1285 3158; x_wconf 86' lang='lat' dir='ltr'><strong>frugifero</strong></span> <span class='ocrx_word' id='word_1_167' title='bbox 1331 3079 1549 3157; x_wconf 89' lang='lat' dir='ltr'><strong>atque</strong></span> <span class='ocrx_word' id='word_1_168' title='bbox 1597 3077 1691 3140; x_wconf 90' lang='lat' dir='ltr'><strong>ad</strong></span> <span class='ocrx_word' id='word_1_169' title='bbox 1736 3077 1959 3141; x_wconf 90' lang='lat' dir='ltr'><strong>solem</strong></span> <span class='ocrx_word' id='word_1_170' title='bbox 2006 3078 2352 3160; x_wconf 84' lang='lat' dir='ltr'><strong>exposito,</strong></span> <span class='ocrx_word' id='word_1_171' title='bbox 2401 3094 2494 3141; x_wconf 83' lang='lat' dir='ltr'><strong>ex</strong></span> 
     </span>
     <span class='ocr_line' id='line_1_28' title="bbox 438 3173 2494 3257; baseline 0 -18"><span class='ocrx_word' id='word_1_172' title='bbox 438 3176 732 3257; x_wconf 88' lang='lat' dir='ltr'><strong>ipsoque</strong></span> <span class='ocrx_word' id='word_1_173' title='bbox 778 3174 965 3238; x_wconf 88' lang='lat' dir='ltr'><strong>rami</strong></span> <span class='ocrx_word' id='word_1_174' title='bbox 1012 3174 1391 3239; x_wconf 89' lang='lat' dir='ltr'><strong>cacumine</strong></span> <span class='ocrx_word' id='word_1_175' title='bbox 1440 3173 1611 3238; x_wconf 89' lang='lat' dir='ltr'><strong>lecti</strong></span> <span class='ocrx_word' id='word_1_176' title='bbox 1653 3174 1951 3256; x_wconf 80' lang='lat' dir='ltr'><strong>fuerint,</strong></span> <span class='ocrx_word' id='word_1_177' title='bbox 2000 3175 2216 3239; x_wconf 87' lang='lat' dir='ltr'><strong>etiam</strong></span> <span class='ocrx_word' id='word_1_178' title='bbox 2262 3175 2494 3257; x_wconf 90' lang='lat' dir='ltr'><strong>primo</strong></span> 
     </span>
     <span class='ocr_line' id='line_1_29' title="bbox 435 3272 2494 3355; baseline 0.001 -20"><span class='ocrx_word' id='word_1_179' title='bbox 435 3272 788 3336; x_wconf 88' lang='lat' dir='ltr'><strong>insitionis</strong></span> <span class='ocrx_word' id='word_1_180' title='bbox 821 3290 1010 3336; x_wconf 91' lang='lat' dir='ltr'><strong>anno</strong></span> <span class='ocrx_word' id='word_1_181' title='bbox 1059 3272 1338 3354; x_wconf 84' lang='lat' dir='ltr'><strong>frugem</strong></span> <span class='ocrx_word' id='word_1_182' title='bbox 1386 3272 1777 3354; x_wconf 89' lang='lat' dir='ltr'><strong>proferunt.</strong></span> <span class='ocrx_word' id='word_1_183' title='bbox 1813 3272 2156 3355; x_wconf 86' lang='lat' dir='ltr'><strong>Quodque</strong></span> <span class='ocrx_word' id='word_1_184' title='bbox 2188 3272 2346 3355; x_wconf 88' lang='lat' dir='ltr'><strong>ipsa</strong></span> <span class='ocrx_word' id='word_1_185' title='bbox 2378 3290 2494 3337; x_wconf 91' lang='lat' dir='ltr'><strong>me</strong></span> 
     </span>
     <span class='ocr_line' id='line_1_30' title="bbox 437 3370 2497 3452; baseline 0.001 -18"><span class='ocrx_word' id='word_1_186' title='bbox 437 3370 844 3435; x_wconf 81' lang='lat' dir='ltr'><strong>observatio</strong></span> <span class='ocrx_word' id='word_1_187' title='bbox 891 3370 1152 3452; x_wconf 88' lang='lat' dir='ltr'><strong>docuit,</strong></span> <span class='ocrx_word' id='word_1_188' title='bbox 1186 3388 1418 3452; x_wconf 90' lang='lat' dir='ltr'><strong>neque</strong></span> <span class='ocrx_word' id='word_1_189' title='bbox 1460 3375 1586 3434; x_wconf 92' lang='lat' dir='ltr'><strong>aut</strong></span> <span class='ocrx_word' id='word_1_190' title='bbox 1616 3370 1977 3435; x_wconf 89' lang='lat' dir='ltr'><strong>obfuerint</strong></span> <span class='ocrx_word' id='word_1_191' title='bbox 2010 3372 2336 3452; x_wconf 89' lang='lat' dir='ltr'><strong>multum,</strong></span> <span class='ocrx_word' id='word_1_192' title='bbox 2372 3374 2497 3436; x_wconf 87' lang='lat' dir='ltr'><strong>aut</strong></span> 
     </span>
     <span class='ocr_line' id='line_1_31' title="bbox 436 3468 2497 3552; baseline 0.001 -19"><span class='ocrx_word' id='word_1_193' title='bbox 436 3469 871 3533; x_wconf 86' lang='lat' dir='ltr'><strong>contulerint</strong></span> <span class='ocrx_word' id='word_1_194' title='bbox 916 3468 1132 3533; x_wconf 84' lang='lat' dir='ltr'><strong>valde</strong></span> <span class='ocrx_word' id='word_1_195' title='bbox 1181 3470 1396 3533; x_wconf 87' lang='lat' dir='ltr'><strong>lunae</strong></span> <span class='ocrx_word' id='word_1_196' title='bbox 1445 3470 1896 3552; x_wconf 88' lang='lat' dir='ltr'><strong>detrimenta,</strong></span> <span class='ocrx_word' id='word_1_197' title='bbox 1930 3470 1991 3534; x_wconf 92' lang='lat' dir='ltr'><strong>si</strong></span> <span class='ocrx_word' id='word_1_198' title='bbox 2039 3473 2166 3534; x_wconf 89' lang='lat' dir='ltr'><strong>aut</strong></span> <span class='ocrx_word' id='word_1_199' title='bbox 2206 3470 2497 3552; x_wconf 89' lang='lat' dir='ltr'><strong>despec-</strong></span> 
     </span>
     <span class='ocr_line' id='line_1_32' title="bbox 435 3566 2493 3652; baseline 0.001 -21"><span class='ocrx_word' id='word_1_200' title='bbox 435 3567 577 3631; x_wconf 91' lang='lat' dir='ltr'><strong>tius</strong></span> <span class='ocrx_word' id='word_1_201' title='bbox 610 3566 1004 3649; x_wconf 89' lang='lat' dir='ltr'><strong>praeterita</strong></span> <span class='ocrx_word' id='word_1_202' title='bbox 1049 3568 1124 3631; x_wconf 91' lang='lat' dir='ltr'><strong>in</strong></span> <span class='ocrx_word' id='word_1_203' title='bbox 1173 3567 1508 3632; x_wconf 90' lang='lat' dir='ltr'><strong>insitione</strong></span> <span class='ocrx_word' id='word_1_204' title='bbox 1556 3567 1841 3650; x_wconf 89' lang='lat' dir='ltr'><strong>fuerint,</strong></span> <span class='ocrx_word' id='word_1_205' title='bbox 1898 3572 2025 3633; x_wconf 84' lang='lat' dir='ltr'><strong>aut</strong></span> <span class='ocrx_word' id='word_1_206' title='bbox 2079 3568 2493 3652; x_wconf 88' lang='lat' dir='ltr'><strong>diligentius</strong></span> 
     </span>
     <span class='ocr_line' id='line_1_33' title="bbox 439 3664 840 3729; baseline 0.002 -1"><span class='ocrx_word' id='word_1_207' title='bbox 439 3664 840 3729; x_wconf 88' lang='lat' dir='ltr'><strong>observata.</strong></span> 
     </span>
    </p>

    <p class='ocr_par' dir='ltr' id='par_1_9' title="bbox 529 3758 2495 3846">
     <span class='ocr_line' id='line_1_34' title="bbox 529 3758 2495 3846; baseline 0.002 -21"><span class='ocrx_word' id='word_1_208' title='bbox 529 3758 714 3842; x_wconf 82' lang='lat' dir='ltr'><strong>Quid</strong></span> <span class='ocrx_word' id='word_1_209' title='bbox 745 3762 935 3826; x_wconf 90' lang='lat' dir='ltr'><strong>enim</strong></span> <span class='ocrx_word' id='word_1_210' title='bbox 968 3763 1294 3827; x_wconf 88' lang='lat' dir='ltr'><strong>conferre</strong></span> <span class='ocrx_word' id='word_1_211' title='bbox 1327 3767 1625 3845; x_wconf 89' lang='lat' dir='ltr'><strong>possunt</strong></span> <span class='ocrx_word' id='word_1_212' title='bbox 1654 3764 1945 3846; x_wconf 89' lang='lat' dir='ltr'><strong>surculi,</strong></span> <span class='ocrx_word' id='word_1_213' title='bbox 1979 3764 2169 3829; x_wconf 90' lang='lat' dir='ltr'><strong>male</strong></span> <span class='ocrx_word' id='word_1_214' title='bbox 2206 3763 2495 3846; x_wconf 90' lang='lat' dir='ltr'><strong>quidem</strong></span> 
     </span>
    </p>
   </div>
   <div class='ocr_carea' id='block_1_8' title="bbox 2813 1487 2815 2082">
    <p class='ocr_par' dir='ltr' id='par_1_10' title="bbox 2813 1487 2815 2082">
     <span class='ocr_line' id='line_1_35' title="bbox 2813 1487 2815 2082; baseline 0 0"><span class='ocrx_word' id='word_1_215' title='bbox 2813 1487 2815 2082; x_wconf 95' lang='lat' dir='ltr'><strong> </strong></span> 
     </span>
    </p>
   </div>
  </div>
 </body>
</html>
