2844 4375
407 187 494 251 40
1262 201 1601 253 ΡΟΝΤΑΝΟ

401 332 550 396 scio
598 349 772 414 quos
837 331 1220 394 amatorios
1282 332 1779 412 cantitantem‚
1828 331 1995 396 vehi
2042 332 2264 396 asello
2314 351 2457 398 non

403 428 806 512 puduerit‘?!
841 427 1182 510 Quodque
1229 429 1911 511 importunissimum
1962 430 2180 510 dicaS,
2214 432 2457 496 admo-

401 527 492 592 tis
541 527 755 591 etiam
804 525 1229 608 calcaribuS,
1278 527 1592 609 equitem
1642 545 1859 608 agere
1914 533 2455 610 procurrentem

401 625 728 690 voluerit.
778 625 1011 690 Abeat
1057 625 1515 707 sapientiai...
1566 626 1811 690 valeat
1864 632 2193 690 senectus
2213 627 2295 691 l...
2346 627 2455 692 An

404 724 601 788 aliud
649 727 992 805 expectas
1039 728 1164 788 aut
1209 724 1443 806 potius
1506 727 1632 788 aut
1694 724 1958 788 certius
2014 725 2455 790 delirationis

403 821 741 904 signum?

490 917 650 984 Par.
675 955 766 965 —
791 918 1034 983 Musae
1061 919 1398 982 Aonides!
1432 918 1847 983 Sebethides
1880 919 2270 1007 nymphae!
2308 920 2457 984 ubi-

401 1035 572 1082 nam
643 1018 962 1100 gentium
1033 1016 1463 1081 delituistis?
1526 1016 1843 1081 Monstra
1908 1017 2080 1080 mihi
2140 1017 2323 1082 haec
2384 1022 2455 1082 et

401 1116 686 1198 quidem
721 1115 1332 1198 portentosissima
1363 1115 1763 1180 videntur...
1794 1113 1964 1196 Quis
1994 1115 2130 1180 hoc
2163 1115 2456 1180 credat?

400 1219 528 1278 aut
574 1213 867 1297 quinam
916 1214 1050 1277 hoc
1098 1213 1252 1278 fieri
1300 1212 1596 1296 potest?‚
1631 1214 1819 1296 quod
1866 1231 1955 1278 ne
2002 1213 2121 1278 Dii
2169 1214 2453 1294 quidem

401 1309 537 1394 ipsi
583 1312 810 1376 videri
863 1312 1172 1377 debeant
1218 1313 1519 1394 passuri.

490 1405 601 1474 Al.
634 1445 724 1456 -
754 1409 969 1475 Certa
1017 1427 1132 1474 res
1179 1416 1305 1475 est.

491 1507 648 1572 Par.
673 1545 764 1555 —
788 1508 1023 1573 Asino'
1053 1527 1142 1572 ne
1175 1509 1340 1572 vehi
1367 1509 1587 1573 etiam
1621 1513 2024 1591 perornat0,
2051 1526 2180 1591 per
2205 1508 2453 1574 urbem

401 1606 475 1669 in
536 1607 842 1688 public0,
904 1624 1032 1688 per
1093 1606 1461 1688 regionem
1526 1607 1719 1672 urbis
1780 1607 2453 1688 frequentissimam,

399 1707 954 1788 sexagenarium
1015 1705 1398 1786 hominem,
1448 1705 1664 1788 regiis
1726 1705 2124 1770 actionibus
2188 1706 2455 1788 praesi-

400 1803 708 1885 dentem,
738 1803 1050 1868 moribus
1084 1807 1232 1867 tam
1265 1803 1697 1885 compositis,
1730 1803 2074 1868 institutis
2106 1809 2257 1869 tam
2287 1804 2457 1886 rigi-

399 1899 552 1964 dis?
583 1901 784 1982 Vale,
821 1902 1004 1982 vale,
1039 1902 1328 1983 Apollo!
1363 1901 1434 1966 Si
1475 1918 1723 1965 verum
1760 1920 1914 1966 esse
1960 1902 2096 1966 hoc
2142 1920 2453 1984 senserO,

399 2002 735 2064 naturam
784 2000 1013 2082 ipsam
1062 2000 1355 2064 credam
1403 1999 1549 2063 iam
1600 2017 2133 2080 repuerascere.

488 2097 625 2162 Sed
671 2098 1240 2162 commodissime
1287 2097 1491 2162 nobis
1536 2099 1848 2179 offertur,
1885 2104 1960 2161 ut
2010 2099 2240 2179 video,
2274 2058 2455 2164 Olia-

397 2198 655 2262 riteus:
704 2198 1198 2279 colloquamur
1243 2215 1408 2261 cum
1458 2198 1809 2262 homine...
1848 2196 2032 2277 Quid
2066 2199 2254 2281 quod
2288 2216 2457 2263 con-

398 2296 995 2360 turbatiusculum
1045 2295 1252 2359 domo
1301 2296 1585 2377 prodire
1634 2295 2025 2379 intellego?

495 2488 657 2555 Cha.
693 2486 926 2570 -—'(da
970 2490 1086 2568 εὲ).
1123 2490 1451 2555 Laudent
1498 2492 1618 2573 qui
1666 2492 1894 2555 velint
1940 2496 2451 2557 senectutem...

399 2590 572 2654 mihi
667 2590 953 2671 quidem
1046 2590 1573 2672 sapientissime
1660 2590 2061 2655 institutum
2149 2591 2451 2673 videtur,

397 2688 854 2770 sexagenarii
902 2706 941 2752 e
997 2694 1212 2770 ponte
1277 2692 1352 2752 ut
1415 2688 1896 2769 dejicerentur
1956 2688 2029 2751 in
2094 2688 2451 2770 Tyberim.

396 2783 580 2865 Quin
629 2786 810 2850 bene
862 2804 1142 2851 mecum
1193 2794 1435 2850 actum
1486 2789 1751 2868 putem,
1794 2790 1963 2850 ante
2011 2804 2225 2899 quam
2272 2786 2453 2851 haec

397 2885 706 2963 videam,
756 2903 970 2967 quam
1033 2884 1224 2949 hunc
1274 2902 1541 2949 annum
1592 2884 1976 2966 attigerim,
2027 2884 2087 2950 si
2134 2886 2253 2950 vel
2298 2902 2455 2949 sca-

395 2982 722 3064 phariam
773 3000 938 3047 cum
987 2982 1345 3048 Charonte
1401 3000 1837 3048 exercuero..

485 3177 643 3243 Par.
693 3215 781 3224 —
834 3177 1189 3261 Charitee,
1268 3178 1636 3246 Charitee!
1724 3180 1926 3260 Siste,
2012 3178 2452 3245 Chariteel...

393 3274 639 3358 Salve3
674 3295 812 3359 quo
861 3293 1203 3359 properas
1220 3277 1318 3343 ἰ)...
1353 3297 1538 3361 quae
1581 3284 1651 3343 te
1691 3296 1807 3343 res
1839 3284 1987 3342 tam
2021 3278 2453 3360 impotenter

395 3374 598 3455 agit?
628 3374 810 3439 Siste
843 3376 1144 3458 gradum
1166 3396 1247 3457 ;...
1297 3378 1695 3441 amicorum
1747 3394 1861 3441 res
1910 3376 2212 3459 agitur...
2247 3374 2453 3439 Iubet

393 3471 529 3536 hoc
578 3473 918 3553 amicitia,
969 3475 1085 3539 vel
1131 3473 1543 3540 humanitas
1591 3476 1661 3540 id
1710 3475 2021 3558 postulat
2068 3482 2213 3539 tua.

493 3661 651 3732 Cha.
675 3703 765 3713 -—
795 3667 856 3731 N
861 3688 921 3750 e,
970 3686 1098 3749 per
1145 3668 1340 3734 deos!
1378 3707 1463 3715 --
1497 3671 1813 3752 quisquis
1861 3688 1957 3752 es,
1981 3706 2072 3716 —
2097 3688 2207 3749 ne,
2255 3669 2457 3733 obse-

394 3783 542 3848 cro,
593 3784 707 3831 me
756 3767 848 3830 ab
896 3764 1152 3831 itinere
1202 3768 1486 3851 incepto
1536 3786 1820 3833 revoca.
