2844 4375
469 204 555 269 66
1324 215 1661 268 ΡοΝΤΑΝο

467 347 540 412 in
589 347 790 411 asino
839 345 1126 428 quidem
1187 346 1369 410 asini
1418 345 1596 409 nihil
1642 345 1933 424 habeas,
1984 346 2106 427 qui
2167 345 2263 410 sis
2312 347 2522 411 urba-

467 445 695 510 nitate
739 444 898 526 ipsa
943 443 1096 526 ipse
1145 442 1503 508 urbanior.

555 542 714 608 Par.
747 578 832 588 ——
866 540 1091 620 (dalla
1134 541 1367 622 siepe).
1419 540 1716 606 Utinam
1780 559 1871 605 ne
1916 542 1989 605 in
2045 541 2332 606 homine
2398 543 2521 624 qui

463 642 701 706 asinos
739 657 896 705 sese
935 646 1194 722 gerant
1232 639 1452 703 etiam
1492 639 1833 720 plurimos
1865 640 2225 704 invenias!
2262 639 2522 705 Perve-

462 743 657 803 tusta
717 743 825 802 θεῖ
884 736 1290 801 Asiniorum
1355 735 1655 815 familia,
1703 737 2056 818 longeque
2117 737 2379 801 nostris
2441 739 2517 802 in

463 837 756 902 urbibus
805 853 1247 900 numerosa...
1282 832 1482 915 Quae
1530 834 1723 899 enim
1770 835 2020 899 domus
2067 852 2285 917 quam
2331 835 2515 900 haec

461 936 619 1018 ipsa
666 939 774 998 est
820 938 969 998 tam
1023 932 1281 998 ferax?
1341 938 1635 1015 tamque
1694 932 2051 998 foecunda
2112 939 2518 1017 propag-atu

463 1039 680 1117 atque
728 1031 932 1097 altu?

551 1132 737 1195 Pont.
760 1166 852 1177 —-
873 1130 1030 1194 Hoc
1059 1131 1176 1212 sis,
1203 1147 1409 1212 puer;
1444 1129 1805 1195 flabellum
1838 1147 2039 1212 cape,
2065 1131 2515 1214 culicemque

458 1230 665 1296 illum
712 1245 929 1308 quam
978 1232 1178 1310 potes
1228 1227 1641 1309 longissime
1688 1227 1962 1309 abige...

549 1327 672 1393 Pu.
701 1364 784 1372 —
810 1327 1074 1409 Abegit
1106 1327 1354 1391 salvus
1376 1331 1483 1390 est
1508 1327 1855 1407 dominus»,
1878 1328 2086 1392 salva
2110 1331 2219 1392 θεῖ
2243 1329 2513 1410 patria!

548 1426 738 1490 Pont.
771 1461 860 1472 -
889 1424 1185 1489 Defrica
1227 1425 1334 1489 illi
1368 1425 1733 1490 auriculas
1782 1443 2000 1490 manu
2048 1443 2263 1508 quam
2304 1427 2517 1491 levis-

459 1525 708 1589 sima...
742 1523 960 1588 Vides
1007 1527 1084 1586 ut
1132 1521 1395 1603 gestit?
1437 1526 1512 1585 ut
1560 1522 1686 1586 tibi
1735 1523 2007 1604 gratias
2054 1522 2318 1605 agit‘P...
2357 1531 2518 1588 tan-

459 1625 610 1687 tum
657 1640 800 1686 non
849 1625 994 1686 tete
1042 1621 1428 1685 osculatur.

550 1719 671 1784 Pu.
723 1755 807 1764 -
855 1719 988 1783 Abi
1058 1719 1132 1782 in
1204 1719 1471 1782 malam
1541 1735 1714 1800 rem,
1777 1718 2001 1784 osculi
2064 1737 2289 1801 genus
2360 1723 2508 1784 tam

456 1819 714 1884 suave!
779 1817 1100 1882 asininas
1163 1816 1683 1882 morsiunculas
1736 1822 1885 1881 tam
1948 1817 2410 1882 illecebrosas
2428 1819 2509 1883 l...

457 1917 697 1981 Labra
744 1933 926 1997 pene
973 1915 1332 1979 mordicus
1378 1915 1755 1997 abripuit...

545 2013 734 2078 Pom.
767 2049 856 2060 —-
885 2012 1013 2093 Ne,
1062 2030 1348 2095 quaese,
1393 2013 1745 2077 irascere!
1794 2013 2165 2077 titillatum
2226 2017 2377 2078 tute
2408 2015 2515 2078 illi

455 2113 790 2177 concisti:
839 2116 965 2176 tua
1012 2116 1119 2176 est
1165 2112 1401 2193 culpa.
1450 2110 1609 2175 Duc
1656 2111 1974 2194 palmam
2009 2111 2513 2183 urbaniuscule

455 2213 547 2276 ad
595 2229 854 2276 coxam
902 2216 1118 2293 atque
1165 2211 1296 2274 sub
1354 2210 1525 2292 ipsis
1572 2210 1847 2275 ilibus...

530 2308 742 2374 Pu.-
761 2308 918 2374 Hoc
941 2327 1097 2391 age.
1119 2307 1335 2389 Cave,
1360 2309 1613 2387 bestia;
1634 2309 1801 2391 quid
1827 2310 2135 2374 caudam
2162 2308 2513 2374 ventilas?

547 2407 733 2471 Pont.
771 2442 852 2452 -
887 2406 992 2470 Νθ
1038 2407 1247 2471 time!
1298 2410 1626 2471 ventrem
1675 2406 1985 2487 defrica3
2036 2408 2247 2489 idque
2292 2424 2509 2489 quam

455 2505 818 2569 levissime
867 2508 944 2569 ut
990 2522 1168 2587 agas
1214 2504 1398 2569 vide.

545 2602 669 2667 Pu.
706 2639 787 2649 —
821 2602 1020 2667 Istud
1080 2604 1313 2685 ipsum
1376 2603 1681 2684 agitur...
1730 2601 1913 2683 Quid
1982 2604 2318 2685 crepitaS,
2391 2620 2513 2667 ne-

455 2700 1044 2784 quissime?·quid
1090 2701 1346 2782 pedem
1377 2700 1727 2783 quassas?
1773 2700 1974 2781 Vide,
2007 2701 2271 2765 bestia!
2306 2718 2511 2781 cave,

453 2800 686 2865 bestia
705 2800 786 2864 l...
819 2799 1009 2880 siste,
1043 2799 1528 2881 ingratissime
1550 2800 1629 2863 l...
1664 2798 1876 2880 Here,
1911 2803 2063 2863 tute
2111 2800 2246 2863 hoc
2278 2799 2511 2881 ipsum

455 2916 628 2980 age3
693 2898 864 2962 mihi
913 2898 989 2961 in
1037 2898 1238 2961 asino
1287 2898 1668 2980 imperium
1716 2897 1992 2962 nullum
2056 2903 2226 2963 θεῖ...
2261 2896 2511 2963 Cestae

453 3014 638 3079 pene
724 2997 925 3061 calce
1012 2995 1358 3077 diffregit!
1438 2995 1592 3060 Non
1671 2995 1957 3059 sensisti
2038 3000 2114 3059 ut
2197 2994 2511 3059 insonuit

455 3100 706 3179 pectus
723 3094 820 3159 ?...
855 3094 1060 3159 Nova
1105 3094 1286 3158 haec
1337 3094 1611 3157 musica
1659 3094 2085 3176 asininaque
2131 3094 2513 3158 harmonia

451 3194 742 3277 placeat
789 3192 1054 3273 cuivis;
1107 3192 1279 3256 mihi
1327 3209 1492 3256 cum
1554 3192 1753 3256 asino
1801 3192 2102 3273 posthac
2148 3209 2264 3256 res
2311 3192 2513 3256 nulla

452 3291 696 3356 futura
758 3295 867 3355 θεῖ
927 3290 1256 3372 ampliu8‚
1319 3290 1458 3354 nisi
1521 3294 1803 3354 vectem
1875 3291 2094 3354 etiam
2158 3306 2506 3371 quernum

453 3392 710 3454 testem
759 3389 1226 3454 adhibuerim.

542 3486 731 3551 Pom.
768 3523 849 3533 —-
885 3487 1081 3551 Abiit
1142 3504 1341 3568 puer,
1389 3489 1461 3551 et
1524 3487 1811 3569 quidem
1875 3486 2507 3551 exclamabundus.

457 3584 672 3651 Vides
733 3585 903 3667 quid
965 3585 1195 3667 egisti,
1245 3602 1408 3649 mea
1473 3583 1857 3667 voluptas?
1916 3585 2073 3649 Non
2137 3589 2209 3649 te
2270 3585 2508 3666 pudet,

453 3701 598 3748 non
629 3686 700 3747 te
733 3683 1050 3766 poenitet
1096 3683 1398 3748 altorem
1440 3687 1642 3748 tuum
1675 3683 1893 3747 etiam
1924 3682 2507 3748 liberalissimum

451 3781 775 3863 pulsasse
821 3785 974 3845 tam
1027 3780 1477 3846 illiberaliter
1492 3779 1589 3846 ?...
1622 3780 2041 3847 deturbasse
2100 3782 2176 3845 in
2238 3783 2508 3845 terram
