2844 4375
438 227 526 291 46
1296 242 1634 294 PONTANO

633 425 812 481 Melle
852 441 1022 480 meus
1065 443 1160 480 me
1200 425 1394 496 pascit
1435 425 1636 500 herus,
1683 443 1792 497 pro
1836 429 2013 482 mello
2054 428 2282 498 recepit

713 514 949 585 Oscula,
997 515 1372 584 complexum
1419 531 1528 585 pro
1571 517 1781 586 sagulo
1823 517 2105 586 excipiet.

437 663 797 728 Iudicabis
860 667 984 728 aut
1044 664 1360 728 Marsum
1424 668 1549 729 aut
1611 664 2070 731 Cornificium
2132 668 2207 731 in
2270 668 2493 733 asello

438 781 596 828 meo
644 780 894 827 versus
941 763 1186 827 edere!

526 861 713 926 Illud
777 879 1055 942 quoque
1114 879 1391 926 summo
1438 862 1669 926 studio
1718 880 1807 928 ac
1869 864 2311 932 deditissima
2372 883 2495 930 cu-

436 959 630 1024 rabis
655 977 896 1041 opera,
924 960 1026 1024 uti
1058 960 1422 1024 flabellum
1449 961 1911 1042 pavoninum,
1940 962 2125 1043 quod
2157 963 2250 1026 sit
2274 980 2491 1045 quam
2568 1015 2570 1018 ⁴

437 1057 1025 1139 oculatissimum,
1095 1075 1226 1140 per
1292 1059 1485 1122 hunc
1552 1059 1785 1140 ipsum
1858 1077 2157 1141 puerum
2222 1061 2312 1125 ad
2378 1079 2493 1126 me

437 1156 702 1238 mittaS,
751 1173 890 1237 quo
951 1155 1025 1220 in
1083 1156 1358 1237 umbra,
1407 1161 1626 1238 atque
1693 1159 1769 1221 in
1832 1164 2056 1240 aestu,
2105 1176 2265 1223 meo
2320 1159 2494 1223 deli-

435 1253 621 1317 ciolo
670 1256 962 1316 ventum
1011 1252 1298 1318 faciam.
1333 1253 1555 1318 Recte
1600 1254 1789 1332 vale,
1825 1273 1993 1319 nam
2042 1260 2115 1320 et
2161 1274 2293 1338 ego
2325 1273 2491 1320 cum

435 1351 740 1432 domino,
789 1351 943 1416 sine
990 1369 1128 1434 quo
1178 1353 1330 1418 vita
1377 1353 1579 1418 nulla
1626 1354 1800 1418 mihi
1848 1360 1975 1437 est,
2011 1356 2221 1420 valeo
2270 1357 2490 1421 etiam

434 1448 923 1514 valentissime
957 1475 1018 1514 ».

521 1740 682 1806 Par.
718 1779 801 1788 —
835 1741 1037 1807 Haec
1084 1743 1371 1824 quidem
1405 1743 1707 1826 epistola
1749 1762 1949 1810 mera
1994 1749 2104 1810 est
2136 1747 2488 1825 deliratio,

433 1842 560 1904 aut
607 1857 845 1904 merus
893 1841 1126 1922 potius
1174 1847 1494 1906 nostrum
1558 1843 1874 1907 omnium
1924 1843 2141 1909 dolor.
2192 1843 2491 1924 Quando

435 1943 676 2002 autem
748 1939 1079 2016 delirium
1148 1939 1381 2021 ipsum
1452 1941 1735 2005 radices
1814 1942 2127 2006 nondum
2200 1942 2489 2023 altiores

433 2037 602 2119 egit,
633 2038 1057 2101 tentandum
1105 2042 1232 2119 est,
1267 2056 1484 2120 quam
1518 2057 1890 2121 possumus
1923 2027 2487 2124 diligentissime,

433 2139 510 2199 ut
556 2139 867 2201 curetur.

520 2230 632 2297 Al.
658 2270 745 2295 -,-
779 2234 949 2299 Mihi
999 2234 1287 2316 quidem
1320 2235 1569 2299 Actius
1612 2238 2148 2301 conveniendus
2180 2238 2485 2317 videtur,

435 2332 556 2414 qui
604 2349 832 2414 nuper
879 2350 920 2395 e
967 2332 1192 2397 Roma
1240 2333 1517 2398 itineris
1564 2352 1652 2398 ac
1703 2336 2025 2399 laborum
2058 2336 2291 2400 socius
2323 2354 2487 2401 cum

431 2429 554 2493 illo
603 2430 836 2509 rediit,
885 2431 985 2494 uti
1033 2449 1125 2494 ex
1163 2448 1247 2493 eo
1295 2437 1829 2512 perscrutemur
1863 2451 2032 2497 num
2066 2451 2252 2515 quae
2282 2435 2490 2516 signa

432 2527 761 2591 delirium
795 2530 1333 2610 antecesserint,
1367 2530 1422 2593 si
1462 2548 1603 2611 qua
1641 2528 1944 2595 for-tasse
1976 2532 2070 2596 ad
2102 2532 2488 2597 sanitatem

431 2626 887 2707 regrediundi
935 2626 1192 2691 relicta
1236 2644 1398 2707 spes
1445 2627 1931 2709 intellegatur.

519 2711 678 2787 Par.
713 2759 797 2767 —
831 2724 1075 2806 Longe
1138 2726 1403 2806 optime
1467 2728 1871 2790 consultum
1935 2727 2241 2793 videtur.
2305 2725 2489 2809 Quo-

430 2820 628 2886 circa
676 2821 1107 2886 familiarem
1175 2827 1393 2905 atque
1442 2824 1755 2887 amicum
1817 2825 2178 2889 hominem
2226 2843 2489 2891 conve-

431 2920 732 3002 niamus,
795 2920 897 2984 uti
959 2938 1054 3005 eo·
1105 2922 1258 3002 ipso
1321 2923 1583 2987 comite
1646 2923 1722 2986 in
1783 2923 2026 2987 hortos
2089 2923 2179 2988 ad
2240 2942 2485 2989 senem

430 3018 989 3099 proficiscamur.

1412 3215 1495 3279 V.

993 3399 1244 3483 Actius,
1293 3402 1579 3483 Pardua
1630 3400 1929 3469 Altilias.

518 3592 662 3660 Act.
687 3632 776 3643 —
802 3595 1086 3663 Clivum
1117 3600 1308 3665 hunc
1341 3600 1706 3666 Musarum
1732 3619 1888 3666 esse
1919 3602 2211 3667 volebat
2242 3606 2487 3669 noster

428 3692 746 3776 Crassus,
817 3695 1036 3760 immo
1082 3732 1172 3745 ——
1207 3715 1389 3779 pace
1460 3705 1703 3764 vestra
1773 3700 2078 3764 dixerim
2127 3736 2215 3747 --
2261 3720 2483 3781 meus.

427 3790 498 3855 Is
559 3791 751 3856 enim
809 3810 922 3857 me
969 3792 1296 3876 instituit,
1345 3796 1404 3860 is
1455 3814 1569 3861 me
1614 3798 1866 3861 studiis
1926 3797 2037 3862 his
2098 3798 2483 3881 dedicavit,
