2844 4375
456 216 544 282 52
1312 230 1653 282 rourum

455 359 801 424 affirmari
836 404 840 409 -
872 361 1026 424 iure
1097 359 1409 441 potuerit
1478 358 1551 423 in
1622 376 1706 423 eo
1778 359 2256 424 Laberianum
2327 360 2507 424 illud

662 531 691 564 ⁴:
703 513 1036 584 facundum
1082 515 1340 567 comitem
1380 515 1445 566 in
1485 515 1584 567 via
1616 529 1734 584 pro
1774 513 2029 568 vehiculo
2072 529 2187 568 6880
2213 532 2241 566 xv
2261 553 2275 568 .

458 654 686 737 Saepe
750 657 968 720 etiam
1027 656 1254 720 multa
1309 656 1512 720 nobis
1572 673 1665 720 ex
1721 656 2264 738 antiquitatibus
2326 657 2510 721 refe-

453 754 680 835 rebat,
730 757 808 818 ut
855 753 970 835 qui
1017 772 1226 836 quem
1276 755 1514 818 locum
1578 755 2025 835 advertisset,
2072 755 2146 818 in
2195 773 2332 836 quo
2380 774 2507 819 na-

454 859 703 917 vatum
761 871 806 916 a
854 853 1240 918 maioribus
1285 853 1578 935 aliquid,
1630 854 1975 917 memoria
2020 856 2317 918 teneret.
2367 853 2509 920 Ubi

453 950 548 1015 ad
603 951 1040 1015 meritoriam
1107 957 1535 1033 perventum
1585 957 1788 1032 esset,
1836 951 1933 1015 ibi
1982 969 2147 1015 cum
2203 951 2511 1016 familia-

454 1048 651 1113 ribus
699 1053 1044 1130 quantum
1094 1049 1356 1132 leporis
1403 1050 1593 1113 erat!
1630 1055 1976 1131 quantum
2024 1050 2407 1115 hilaritatis
2428 1052 2507 1116 1...

456 1151 535 1210 ut
602 1146 806 1211 labor
867 1147 1096 1210 omnis
1159 1146 1392 1211 abiret
1462 1147 1535 1210 in
1600 1147 2067 1228 voluptatem.
2130 1148 2212 1212 In
2282 1166 2511 1213 coena

458 1249 672 1326 atque
756 1245 945 1308 inter
1028 1245 1641 1327 discumbendum,
1718 1246 1896 1310 nihil
1972 1245 2176 1311 triste
2260 1265 2512 1330 passus

456 1360 808 1423 unquam:
880 1348 1208 1425 oportere
1277 1343 1351 1406 in
1422 1361 1672 1408 mensa
1741 1344 2225 1408 exhilarantia
2293 1348 2512 1427 atque

453 1441 649 1505 laeta
675 1458 828 1504 esse
854 1441 1114 1518 omnia,
1141 1459 1373 1523 neque
1404 1442 1742 1506 iniuriam
1770 1442 2055 1507 Baccho
2081 1443 2508 1524 faciendam,

456 1539 576 1621 qui
626 1539 947 1604 laetitiae
995 1544 1182 1604 esset
1226 1541 1452 1605 dator.
1504 1539 1979 1605 Severitatem
2026 1542 2099 1605 in
2164 1541 2336 1621 foro,
2385 1541 2513 1605 tri-

456 1637 724 1701 stitiam
777 1638 852 1700 in
899 1637 1170 1719 funere,
1219 1639 1759 1703 cunctationem
1808 1639 1881 1702 in
1930 1640 2281 1722 capiendo
2342 1657 2506 1704 con-

455 1735 635 1816 silio,
661 1736 1118 1818 supercilium
1148 1736 1220 1800 in
1253 1741 1510 1800 senatu
1542 1738 1999 1801 retinendum
2026 1755 2178 1802 esse
2204 1738 2511 1802 dicebat.

457 1833 703 1898 Talem
769 1834 988 1916 igitur
1049 1852 1269 1899 senex
1331 1841 1573 1900 noster
1635 1835 1709 1899 in
1757 1837 2015 1900 itinere
2061 1855 2273 1918 quem
2320 1854 2512 1901 com-

457 1932 800 1996 mendare
848 1933 1065 1996 etiam
1113 1933 1454 2014 debeatis,
1504 1951 1659 1997 sese
1708 1933 1967 2016 ubique
2014 1935 2389 2016 praestitit.

547 2029 705 2096 Par.
741 2067 823 2077 —
858 2029 1041 2111 Quid
1087 2030 1326 2114 igitur,
1362 2029 1676 2096 Altini)...
1711 2032 2140 2097 videnturne
2173 2033 2303 2096 tibi
2333 2033 2511 2096 haec

458 2130 708 2195 delirio
763 2134 913 2195 tam
976 2130 1351 2213 repentino
1399 2129 1841 2195 convenire?
1889 2130 2104 2196 Vides
2166 2134 2508 2213 quantam

457 2229 817 2310 temporiS,
867 2231 1212 2309 quantam
1268 2245 1511 2293 rerum
1575 2230 1893 2311 ipsarum
1959 2230 2509 2311 pensitationem

457 2325 838 2391 habuerit?
891 2324 1367 2406 Quamobrem
1434 2327 1653 2391 etiam
1710 2331 1926 2409 atque
1990 2328 2208 2391 etiam
2265 2327 2513 2391 viden-

457 2424 626 2488 dum
660 2423 862 2488 nobis
909 2442 1191 2504 censeo,
1234 2442 1324 2487 ne
1371 2424 1680 2489 delirare
1727 2424 1861 2506 ipsi
1909 2442 2073 2489 cum
2108 2424 2245 2489 hac
2277 2424 2513 2489 delirii

458 2522 848 2604 suspitione
897 2523 1152 2587 merito
1199 2523 1597 2587 videamur.

550 2616 690 2683 Act.
725 2656 814 2667 --
845 2619 1045 2701 Quod
1107 2621 1388 2702 quidem
1442 2622 1671 2703 ipsum
1730 2622 1948 2685 etiam
2009 2625 2227 2703 atque
2289 2620 2513 2686 etiam

458 2719 978 2801 providendum
1042 2720 1246 2801 ducO,
1295 2720 1581 2801 quando
1628 2718 1703 2782 in
1750 2719 2049 2801 singulis
2110 2718 2513 2784 actionibus

459 2817 562 2881 ita
629 2835 706 2881 se
775 2834 1046 2899 suaque
1113 2818 1355 2881 omnia
1424 2817 2041 2898 circumspexerit,
2104 2821 2201 2898 ut,
2266 2817 2513 2881 divina

459 2915 770 2996 quadam
804 2915 1257 2996 providentia
1289 2916 1471 2979 duce
1520 2932 1608 2979 ac
1657 2915 2022 2996 magistra,
2055 2933 2171 2980 res
2210 2931 2513 2997 magnas

458 3012 621 3077 illas
682 3013 968 3095 quidem
1032 3030 1120 3078 ac
1189 3013 1647 3096 perdifficiles
1706 3014 1769 3078 is
1830 3014 2222 3078 confecisse
2284 3012 2514 3076 videri

457 3111 696 3193 possit.
745 3110 836 3175 Et
889 3112 1079 3175 clivo
1126 3112 1262 3176 hoc
1308 3112 1497 3175 inter
1550 3112 1932 3176 dicendum
1980 3117 2195 3193 atque
2241 3110 2515 3174 exami-

458 3210 772 3273 nandum
823 3213 1178 3291 superato,
1211 3210 1387 3273 illud
1437 3228 1482 3273 a
1529 3209 1732 3273 nobis
1768 3208 2205 3291 sequendum
2253 3208 2513 3291 iudico,

457 3324 546 3370 ne
618 3306 709 3370 ad
780 3306 1156 3372 Iovianum
1225 3308 1366 3373 hac
1436 3325 1601 3372 cum
1672 3307 2087 3395 suspitione=
2128 3306 2201 3369 in
2272 3306 2515 3369 hortos
2612 3385 2619 3391 ἢ

456 3405 950 3488 procedamuS,
1000 3423 1250 3470 verum
1316 3424 1405 3470 ex
1466 3405 1742 3470 insidiis
1803 3404 2000 3487 quasi
2067 3404 2514 3486 quibusdam,

459 3502 631 3584 quid
690 3502 841 3585 ipse
905 3508 1097 3585 agat,
1147 3503 1318 3586 quid
1379 3520 1544 3567 cum
1610 3503 1853 3567 villico
1901 3502 2112 3583 (quod
2165 3502 2253 3566 de
2318 3518 2514 3565 more

458 3600 610 3664 eius
680 3602 814 3681 est)
883 3601 1293 3666 faciundum
1380 3605 1751 3683 proponat,
1830 3600 2516 3665 animadvertamus.

459 3698 630 3763 Eius
691 3700 880 3764 enim
947 3700 1173 3763 oratio
1221 3700 1416 3763 viam
1475 3698 1677 3763 nobis
1739 3698 2129 3781 patefaciet
2180 3716 2346 3763 curn
2408 3696 2517 3761 in-

457 3796 675 3861 eundi
735 3814 899 3861 cum
963 3814 1047 3860 eo
1109 3797 1478 3876 sermonis),
1542 3801 1692 3860 tum
1765 3795 2064 3861 remedii
2127 3795 2515 3878 cogitandi.
