2844 4375
485 215 573 281 32
1339 229 1680 282 PONTANo

1445 465 1573 531 III.

1204 649 1427 734 Gaupo
1470 657 1531 714 et
1575 653 1807 716 viator.

582 841 648 906 C.
685 877 766 888 —-
801 841 1192 923 Antiquum
1247 845 1320 905 et
1368 845 1614 905 notum
1666 841 1979 905 amicum
2044 859 2345 924 peregre
2408 843 2531 907 ad-

478 940 891 1004 venientem
943 943 1021 1003 ut
1066 939 1294 1003 libens
1340 939 1587 1003 video!
1638 945 1715 1002 ut
1763 939 1935 1002 mihi
1983 940 2372 1005 iucundum
2420 944 2529 1005 est

479 1038 709 1120 ipsum
761 1041 834 1101 et
878 1037 1262 1118 complecti
1310 1041 1382 1100 et
1430 1037 1734 1119 alloqui!

584 1133 654 1200 V.
681 1169 771 1181 ——-
795 1135 890 1199 At
921 1152 1074 1216 ego,
1102 1134 1649 1198 benevolentem
1685 1142 2170 1217 compotorem
2204 1136 2529 1200 invenire

478 1233 1072 1312 valentissimum,
1121 1241 1193 1296 et
1239 1232 1471 1297 laetor
1519 1237 1589 1297 et
1635 1233 1867 1298 habeo
1915 1234 2049 1298 diis
2096 1235 2429 1316 gratiam.

572 1425 642 1494 0.
675 1465 759 1476 —
797 1427 1028 1510 Quam
1076 1447 1242 1494 cum
1289 1429 1661 1494 stomacho
1719 1427 1951 1493 bene?

580 1527 651 1592 V.
690 1563 771 1574 -
808 1528 1084 1610 Lupum
1135 1529 1208 1591 in
1259 1527 1663 1593 ventriculo
1711 1545 1946 1608 gero...

571 1623 650 1690 G.
685 1661 772 1672 —-
806 1626 904 1690 Ut
949 1644 1114 1690 cum
1162 1625 1332 1690 siti?
1645 1678 1651 1682 .

580 1722 652 1788 V.
688 1760 770 1769 —-
807 1722 1174 1788 Exaruere
1221 1724 1593 1805 pulmones
1640 1723 1883 1787 calore
1931 1727 2002 1788 et
2048 1723 2365 1806 pulvere.

575 1914 645 1983 0.
680 1954 766 1964 -—-
801 1918 1032 1996 Pueri,
1081 1918 1614 2000 expeditissime
1673 1921 1924 1985 afferte
1973 1938 2109 2003 quo
2172 1920 2362 1984 sitim
2425 1922 2527 1985 le-

473 2020 660 2081 vet...
710 2016 939 2080 Heus!
989 2016 1573 2098 expergiscimini
1594 2017 1673 2082 l...

576 2113 648 2178 V.
685 2151 768 2160 -
801 2106 1020 2197 Atqui
1067 2114 1446 2178 consilium
1496 2120 1606 2179 est
1651 2116 1847 2199 prius
1894 2116 2264 2200 pulverem
2300 2116 2522 2199 pallio

471 2216 987 2375 exguterebate
1022 2310 1462 2375 linteolum...
1488 2311 1893 2397 Ministrate
1918 2312 2351 2395 frigidulam‚
2379 2330 2523 2394 qua

469 2411 543 2472 et
589 2426 666 2471 os
714 2412 785 2472 et
832 2407 1038 2473 labra
1083 2413 1154 2472 et
1198 2408 1461 2473 faciem
1512 2415 1737 2474 totam
1784 2411 2088 2493 perluat.

572 2602 643 2667 V.
677 2638 766 2650 ..-
801 2603 899 2670 Ut
948 2623 1062 2670 me
1111 2606 1458 2670 recreasti
1509 2605 1771 2688 pocillo
1818 2607 1955 2671 hoc
2002 2607 2518 2689 crystallinol...

467 2700 584 2766 Nil
647 2702 796 2767 vidi
868 2720 1185 2786 unquam
1247 2703 1383 2767 hoc
1444 2704 1598 2785 ipso
1662 2704 2087 2787 limpidius..
2137 2704 2237 2769 Ut
2296 2704 2370 2768 in
2433 2722 2518 2769 eo

465 2800 635 2865 salit
672 2800 1020 2881 nigellum
1054 2808 1253 2866 tuum
1274 2803 1354 2867 l...
1389 2802 1524 2884 An,
1560 2806 1638 2867 ut
1670 2810 1861 2886 put0,
1896 2806 2004 2868 est
2042 2798 2519 2866 Casorianum?

562 2990 630 3059 0.
663 3030 753 3042 —
784 2995 1090 3075 Reluite‚
1121 2997 1344 3079 pueri,
1378 2998 1742 3079 poculal...
1794 2998 2087 3064 Miscete
2128 2999 2521 3064 recentius-

463 3093 704 3157 culum
753 3094 930 3158 illud
986 3094 1238 3159 intimo
1279 3112 1320 3159 e
1367 3113 1624 3177 penu...
1678 3096 2009 3161 Afferte...
2066 3092 2519 3161 Centum-esium

463 3189 600 3256 hoc
670 3197 842 3257 est...
917 3192 1148 3275 Cape!
1218 3192 1877 3259 benivolentissime
1938 3194 2211 3259 homo...
2279 3195 2519 3259 Labra

466 3288 836 3354 delibatim
900 3292 1354 3372 pertinxeriS,
1403 3292 1621 3375 pedes
1680 3292 1873 3357 illico
1935 3293 2310 3357 sentient...
2344 3293 2518 3358 Mihi

461 3387 714 3452 crede:
777 3389 900 3452 illo
961 3389 1035 3453 in
1071 3389 1286 3464 ,dolio
1348 3390 1677 3455 Bacchus
1738 3408 1903 3454 cum
1951 3390 2139 3456 Vere
2203 3384 2514 3457 lusitat...

463 3488 690 3549 totum
739 3488 918 3552 adeo
966 3488 1304 3553 doliolum
1353 3490 1481 3554 flos
1527 3494 1637 3553 est
1686 3490 1956 3553 merus!

564 3774 636 3839 V.
671 3810 756 3821 --
783 3778 1002 3859 Atqui
1037 3780 1350 3860 putarim
1384 3798 1468 3845 eo
1502 3799 1541 3845 e
1574 3782 1761 3847 dolio
1809 3801 2063 3847 aurum
2095 3782 2517 3849 scaturire...
